2858 4710
148 255 218 316 ,130
576 242 681 296 Boreas.
718 242 795 297 Zetes
813 244 841 296 et
859 241 953 297 Calais.

153 415 207 471 080
242 405 396 470 femineae
420 404 531 469 sortis:
556 403 611 468 sed
635 405 705 469 erat
725 422 784 487 par
806 403 908 468 forma
931 403 1076 467 duarum.

242 513 269 576 Ε
294 511 408 593 quibus
432 510 577 575 Aeolides
602 508 761 592 Cephalus
785 511 817 574 te
841 509 972 591 ooniuge
995 508 1079 585 felix,
1138 558 1140 562 .

242 617 359 695 Procri,
382 616 460 690 fuit;
484 616 604 680 Boreae
627 615 746 680 Tereus
769 615 969 696 Thracesque
992 615 1158 692 nooebant,

244 725 424 805 dilectaque
448 722 503 786 diu
527 722 630 786 oaruit
653 721 732 785 deus
757 720 910 803 Orithyia,
1015 751 1018 756 ·

245 831 323 894 dum
344 828 438 911 rogat
461 828 494 892 et
515 827 660 910 precibus
684 827 809 891 mavult
832 844 929 908 quam
952 827 1071 891 viribus
1095 828 1152 892 uti.

156 946 208 1004 685
245 938 307 1001 Ast
330 935 385 999 ubi
407 933 570 998 blanditiis
594 934 701 1014 agitur
723 933 812 1009 nihil,
835 932 982 996 horridus
1005 934 1062 1009 ira,

246 1061 327 1126 quae
351 1040 444 1106 solita
468 1041 518 1104 est
539 1039 588 1102 illi
609 1039 808 1120 nimiumque
833 1039 1007 1103 domestioa
1030 1041 1133 1116 vento,

197 1229 199 1233 Ι
243 1138 291 1213 ‘et
312 1134 458 1212 meritoi'
485 1147 581 1210 dixit:
602 1133 693 1227 ‘quid
717 1146 802 1210 enim
824 1163 897 1209 mea
919 1146 985 1208 tela
1006 1146 1130 1226 reliqui,

248 1255 414 1320 saevitiam
437 1256 470 1318 et
491 1253 575 1318 vires
597 1252 743 1333 iramque
768 1250 954 1332 animosque
976 1251 1125 1328 minaces,

249 1360 436 1440 admovique
459 1376 577 1441 preses,
602 1375 739 1439 quarum
761 1375 816 1421 me
837 1356 968 1421 dedeoet
990 1360 1092 1422 usus?

159 1477 216 1532 000
251 1468 336 1549 Apta
358 1465 437 1529 mihi
459 1464 508 1528 ris
531 1465 598 1528 est:
622 1463 654 1527 vi
676 1463 783 1527 tristia
805 1463 915 1527 nubila
937 1464 1030 1546 pello,

249 1573 281 1636 ri
303 1571 386 1636 freta
408 1570 553 1635 eonontio
576 1569 759 1650 nodosaque
782 1569 895 1633 robora
917 1572 1005 1633 verto

249 1678 425 1759 induroque
447 1677 536 1741 nives
560 1677 593 1740 et
615 1677 718 1740 terras
742 1675 894 1756 grandine
917 1676 1018 1758 pulso.

248 1783 341 1848 Idem
363 1801 421 1866 ego
444 1801 518 1847 oum
539 1781 656 1846 fratres
680 1781 766 1846 eaelo
791 1799 863 1844 sum
884 1783 1003 1845 neotus
1022 1783 1130 1864 aperto
1155 1786 1198 1829 ‘-

250 1909 327 1955 nam
348 1889 428 1954 mihi
451 1905 583 1972 oampus
605 1889 633 1952 is
657 1891 773 1953 est-
796 1888 886 1952 tanto
909 1886 1071 1952 molimine
1093 1889 1207 1966 lnotor,

164 2004 216 2062 005
252 1999 291 2061 ut
312 1996 437 2060 medius
460 1996 578 2060 nostris
602 1995 807 2059 oonoursibus
828 1994 956 2058 insonet
979 1995 1088 2058 aether

253 2103 462 2184 exsiliantque
486 2102 572 2166 oavis
596 2101 666 2165 elisi
688 2101 826 2165 nubibus
849 2101 949 2182 ignes.

253 2209 344 2274 Idem
367 2226 434 2289 ego,
457 2225 532 2271 oum
554 2207 644 2271 subii
660 2224 798 2271 eonvexa
820 2206 977 2270 foramina
999 2208 1103 2271 terrae

255 2313 469 2397 supposuique
493 2311 579 2376 ferox
601 2313 674 2376 imis
698 2331 770 2376 mea
792 2314 884 2394 terga
907 2313 1058 2390 cavernis,

256 2419 389 2484 solhoito
412 2436 524 2482 manes
548 2419 716 2499 totumque
739 2418 930 2482 tremoribus
955 2407 1070 2483 orbem.

168 2537 220 2592 700
255 2526 325 2590 Hao
348 2543 405 2607 ope
429 2523 602 2588 debueram
624 2523 783 2588 thalamos
806 2523 947 2606 petiisse,
970 2541 1121 2605 sooerque
1213 2537 1215 2541 ’

175 2667 179 2671 ·
256 2652 320 2697 non
343 2631 481 2696 orandus
505 2633 583 2707 erat,
605 2630 638 2695 ri
660 2630 716 2695 sed
738 2628 903 2694 faoiendns
924 2617 1143 2695 Ereohthens'.

278 2795 280 2799 .
343 2738 432 2803 Haeo
454 2737 573 2801 Boreas
597 2739 655 2801 aut
676 2736 727 2800 his
749 2755 813 2800 non
834 2735 984 2800 inferiora
1005 2737 1131 2801 looutns

258 2845 395 2910 exoussit
416 2860 555 2927 pennas:
581 2861 717 2926 quarum
740 2843 911 2908 iaotatibns
935 2843 1038 2907 omnis

245 2947 378 3017 'adflata
399 2953 450 3016 est
472 2951 568 3015 tellus
590 2951 759 3031 latumque
783 2949 964 3032 perhorruit
987 2967 1113 3030 aequor.

171 3067 222 3121 705
258 3057 510 3137 Pulvereamque
533 3056 665 3120 trahens
687 3074 744 3138 per
768 3068 900 3119 summa¹
917 3055 1082 3119 oaonmina
1104 3054 1224 3137 pallam

258 3162 358 3227 verrit
380 3161 517 3224 humum
538 3160 749 3243 pavidamque
772 3162 863 3224 metu
886 3160 1019 3242 ealigine
1043 3161 1148 3224 tectim

261 3266 431 3349 Orithyian
453 3283 565 3329 amans
587 3265 684 3330 fulvis
708 3255 911 3348 amplectitur
934 3267 1002 3330 alis.

260 3374 348 3438 Dum
370 3373 466 3450 volat,
489 3374 637 3437 arserunt
660 3372 774 3454 agitati
796 3372 910 3437 fortius
932 3372 1032 3453 ignes.

262 3480 329 3545 Neo
351 3479 440 3562 prius
465 3479 542 3543 aerii
565 3496 678 3543 aursus
702 3479 879 3561 suppressit
901 3478 1052 3555 habenas,

172 3594 226 3649 710
263 3604 359 3668 quam
383 3583 537 3651 Cioonum
560 3584 664 3649 tenuit
686 3585 820 3668 populos
844 3586 877 3648 et
898 3583 1022 3647 moenia
1045 3584 1162 3666 raptor.

166 3683 194 3742 -’
262 3684 334 3757 illio
356 3693 390 3756 et
412 3691 509 3773 gelidi
531 3691 666 3755 ooninnx
689 3693 810 3755 Antaeo
833 3689 961 3772 tyranni

264 3799 297 3862 et
319 3798 463 3881 genetrix
484 3796 571 3861 farta
594 3800 653 3875 est,
674 3799 787 3881 partus
811 3796 901 3860 enixa
924 3794 1085 3876 gemellos,

265 3905 371 3968 uetera
394 3904 450 3985 qui
471 3903 593 3997 matris,
616 3921 737 3986 pennas
761 3901 912 3985 genitoris
934 3900 1099 3964 haberent.

264 4007 338 4074 Non
359 4011 469 4074 tamen
492 4009 551 4073 has
574 4028 640 4074 una
661 4010 841 4074 memorant
864 4025 938 4070 oum
961 4006 1215 4089 corporentur,

178 4125 229 4180 715
265 4115 426 4197 barbaque
450 4114 528 4180 dum
550 4116 654 4180 rutilis
678 4116 790 4180 aberat
812 4112 946 4177 subnixa
968 4112 1100 4195 rapidis,

133 4243 150 4307 zu
265 4223 435 4307 implumes
460 4221 630 4303 Calaisque
653 4240 733 4304 puer
756 4215 921 4300 Zetesque
934 4217 1073 4284 fuerunt.
