2858 4710
143 303 208 363 150
596 293 725 364 Cephalus
743 295 771 347 et
788 291 898 347 Procris.

230 473 308 534 esse,
330 449 418 521 venit
440 455 591 521 Telamon
612 472 775 538 properus,
797 452 978 534 foribusque
1001 451 1137 516 reclusis

230 580 372 645 „speque
394 562 534 644 fideque,
548 562 663 645 pater“
687 559 783 638 dixit’
796 559 940 638 „maiora
962 556 1100 624 videbis:

230 668 420 750 egredere!“
442 667 603 750 Egredior,
627 666 800 748 qualesque
822 666 856 728 iu
878 665 1015 747 imagine
1039 663 1145 729 somni

140 783 194 840 650
229 775 317 840 61666
341 793 428 839 eram
450 773 566 839 vidisse
589 773 682 851 viros,
706 791 743 837 ex
766 772 874 859 ordine
897 771 979 836 tales

232 880 370 963 adspicio
392 898 559 962 noscoque.
604 878 734 944 Adeunt
755 895 926 961 regemque
950 877 1037 942 66166
1079 878 1105 941 6.

127 985 133 998 ’
230 986 315 1052 Vota
336 986 406 1052 Iovi
428 985 723 1069 solro‘populisque
746 983 926 1050 recentibus
948 985 1061 1048 urbem

229 1093 350 1177 partior
372 1094 405 1158 et
426 1111 543 1158 uacuos
565 1092 677 1179 priscis
700 1091 875 1157 cultoribus
899 1108 1000 1172 agros,

226 1198 509 1284 Myrmidonasque
531 1217 616 1278 6666,
638 1217 697 1264 666
720 1198 838 1281 origine
860 1197 990 1263 nomina
1013 1195 1135 1261 fraudo.

141 1312 194 1370 655
231 1305 370 1390 Corpora
391 1306 514 1381 uidisti3
536 1325 641 1371 mores
665 1323 743 1387 quos
767 1306 842 1370 aute
866 1304 1026 1387 gerebant,

228 1431 314 1477 nunc
336 1431 461 1495 quoqne
484 1413 620 1478 babent:
642 1430 775 1495 parcum
798 1429 898 1494 genus
921 1412 971 1476 est
993 1410 1182 1494 patiensque
1206 1409 1358 1475 laborum

231 1517 430 1600 quaesitique
453 1520 549 1583 tenax
571 1521 604 1583 et
627 1516 711 1600 quod
734 1517 880 1598 quaesita
901 1518 1051 1582 reservet.

230 1623 275 1689 Hi
296 1625 328 1689 te
352 1623 393 1688 ad
414 1625 498 1689 bella
520 1642 613 1707 pares
638 1623 728 1688 66616
752 1623 929 1705 animisque
953 1624 1136 1705 sequentur,

231 1729 466 1816 cumprimum
490 1731 546 1812 qui
567 1731 599 1795 66
622 1729 756 1796 feliciter
779 1730 898 1808 attulit,
921 1717 1033 1796 eurus’

143 1845 196 1901 660
233 1837 342 1922 (eurus
365 1837 450 1929 enim
473 1836 640 1921 attulerat)
661 1824 770 1902 tluent
792 1837 938 1902 mutatus
960 1837 994 1900 iu
1017 1832 1164 1902 austros'.

910 2033 964 2097 42.
990 2028 1148 2112 depactas
1171 2036 1201 2097 et
1224 2031 1368 2100 Procris.

319 2156 447 2221 Talibus
471 2157 567 2237 atque
591 2155 661 2220 aliis
683 2156 814 2238 longum
837 2156 1034 2221 sermonibus
1056 2156 1103 2219 illi

232 2261 402 2346 implevere
426 2263 519 2327 diem.
562 2261 658 2327 Lucis
680 2279 754 2344 pars
777 2262 892 2326 ultima
914 2281 1044 2327 mensae

232 2370 281 2434 est
304 2369 387 2447 data,
409 2386 470 2432 nox
493 2368 621 2432 somnis.
664 2366 762 2432 Iubar
785 2385 900 2432 aureus
923 2369 1082 2434 extulerat
1105 2368 1168 2434 sol:

231 2472 330 2539 flabat
353 2473 457 2539 adhuc
480 2492 574 2540 eurus
597 2473 802 2556 redituraque
824 2474 896 2539 6616
918 2476 1057 2541 tenebat.

143 2587 196 2644 665
231 2580 282 2645 Ad
305 2579 481 2663 Cephalum
502 2580 649 2644 Pallante
672 2579 743 2659 sati,
766 2580 818 2645 oui
841 2581 989 2663 grandior
1011 2582 1109 2660 aetas,

231 2687 271 2751 ad
293 2704 400 2768 regem
423 2685 582 2771 Cephalus
605 2686 701 2751 simul
723 2688 757 2752 66
777 2687 923 2753 Pallante
947 2689 1045 2753 creati

232 2793 430 2858 conveniunt.
476 2792 539 2858 Sed
562 2792 665 2858 adhuc
687 2811 795 2876 regem
818 2812 910 2877 sopor
933 2795 1018 2860 altus
1040 2794 1188 2859 habebat.

233 2899 358 2987 Excipit
379 2899 531 2965 Aeacides
553 2900 625 2965 illos
647 2900 682 2964 in
702 2900 811 2965 limine
834 2900 976 2966 Phocus:

229 3025 305 3072 nam
328 3007 479 3072 Telamon
501 3006 662 3089 fraterque
686 3006 769 3072 viros
793 3007 834 3072 ad
855 3007 939 3073 bella
961 3007 1118 3090 legebant.

142 3120 196 3176 670
230 3110 356 3177 Phocus
378 3113 412 3176 iu
433 3113 567 3179 interius
591 3113 732 3200 spatium
753 3113 964 3196 pulchrosque
987 3131 1135 3179 recessus

231 3216 418 3300 Cecropidas
442 3218 537 3296 ducit,
561 3237 635 3283 oum
658 3219 729 3300 quis
742 3219 849 3292 ‚simul
870 3221 938 3304 ipse
961 3219 1087 3285 resedit.

319 3322 463 3406 Adspicit
484 3323 635 3390 Aeoliden
657 3324 766 3406 ignota
789 3343 826 3390 ex
849 3327 959 3392 arbore
981 3325 1103 3392 factum

230 3428 312 3494 ferre
334 3447 434 3494 manu
455 3430 604 3509 iaculum,
626 3431 717 3496 66166
740 3430 802 3495 1616
824 3449 921 3497 aurea
943 3432 1058 3516 cuspis.

229 3535 337 3601 Pauca
358 3536 446 3622 prius
469 3537 581 3602 mediis
604 3537 801 3602 sermonibus
824 3538 877 3603 ille
900 3539 1026 3603 locutus

140 3651 195 3708 616
228 3630 315 3708 ‘sum
336 3662 502 3709 nemorum
525 3631 701 3709 6666116666>
727 3644 773 3709 616
792 3632 974 3725 ‘caedisque
997 3643 1135 3710 ferinae:

231 3768 295 3833 qua
316 3752 425 3816 tamen
448 3768 465 3814 6
488 3748 568 3814 silva
591 3751 700 3815 teneas
723 3750 839 3815 hastile
860 3749 1007 3829 recisum,

229 3855 416 3921 iamdudum
439 3855 579 3943 dubito„
603 3855 695 3922 Certe
718 3855 746 3920 si
768 3855 909 3921 fraxinm
933 3859 1026 3936 esset,
1125 3892 1128 3898 ·

229 3961 317 4027 16166
340 3962 441 4028 colore
464 3961 562 4039 foret3
586 3962 613 4026 si
636 3981 758 4042 cornus,
781 3962 882 4027 nodus
905 3962 1033 4029 inesset.
1085 4047 1086 4050 Ἴ

230 4068 323 4136 11616
347 4068 397 4148 sit,
419 4068 537 4151 ignoro.
583 4067 645 4134 Sed
668 4087 731 4133 non
753 4067 921 4133 formosius
944 4069 1006 4135 isto

141 4183 194 4239 680
229 4175 378 4242 viderunt
400 4175 482 4240 oculi
504 4175 607 4240 telum
629 4174 794 4239 iaculabile
816 4169 932 4238 nostri?

227 4280 353 4367 Excipit
373 4281 501 4347 Actaeis
525 4299 541 4346 6
564 4280 715 4345 fratribus
739 4281 828 4359 alter,
852 4267 1014 4346 et‘usum
