2858 4710
500 293 556 348 Lib.
576 293 635 360 vn,
653 311 677 348 v.
695 294 847 349 aar-356.

237 453 427 538 Obstipuere
451 458 541 520 satae
564 455 671 519 Pelia:
693 455 915 538 promissaque
936 456 1108 537 postquam

148 563 317 626 exhibuere
338 561 444 639 fidem,
466 564 538 625 tum
561 580 635 626 vero
658 561 834 644 impensius
856 561 989 624 instant.

146 669 209 732 Ter
229 670 306 751 iuga
327 669 476 733 Phoebus
499 669 589 750 equis
611 668 646 731 in
667 668 786 733 Hibero
808 666 941 731 flumine
963 668 1078 732 mersis

55 781 114 836 ὥ
148 775 340 858 dempserat,
363 777 397 840 et
419 778 535 856 quarta
557 775 717 839 radiantia
738 777 832 839 nocte
854 774 1018 838 micabant

146 882 260 958 u'dera,
282 901 355 946 oum
377 881 487 965 rapido
510 881 609 946 fallax
630 882 760 946 Aeetias
782 881 849 963 igni
874 906 877 910 ·

146 989 281 1071 imponit
301 1007 420 1071 purum
441 988 572 1052 laticem
595 990 629 1052 et
651 988 719 1051 sine
742 987 863 1051 viribus
885 987 1010 1050 herbas.

145 1094 279 1176 Iamque
301 1094 372 1158 neci
394 1094 508 1157 simlia
531 1094 672 1158 resoluto
696 1111 825 1175 serpere
847 1111 957 1174 regem

147 1205 277 1264 etcum
298 1219 371 1282 rege
395 1219 453 1264 suo
477 1200 626 1264 custodes
650 1218 781 1264 somnus
804 1199 952 1275 babebat,

56 1315 114 1369 a)
149 1326 245 1389 quem
267 1307 421 1372 dederant
443 1309 559 1371 cantus
580 1308 787 1389 magicaeque
809 1306 955 1390 potentia
976 1306 1122 1388 linguae:

146 1415 306 1477 intrarant
327 1414 433 1478 iussae
456 1432 531 1478 cum
555 1412 705 1479 Colchide
727 1413 840 1477 limina
862 1415 958 1477 natac

148 1521 389 1601 ambierantque
412 1522 528 1583 torum.
570 1507 669 1599 ‘Quid
690 1538 777 1583 nunc
799 1518 954 1583 dubitatis
977 1519 1119 1584 inertes?

148 1614 319 1708 Stringite‘
344 1627 391 1690 ait
410 1614 547 1708 ‘gladios
569 1629 775 1707 veteremque
797 1626 925 1689 haurite
948 1644 1100 1703 cruorem,

147 1736 186 1795 ut
206 1733 348 1815 repleam
370 1751 487 1797 vacuas
510 1733 650 1797 iuvenali
672 1732 826 1814 sauguine
849 1750 956 1796 venas.

55 1846 110 1902 θῶ
146 1838 187 1902 In
207 1839 356 1903 manibus
379 1840 493 1903 vestris
516 1839 584 1903 vita
606 1840 657 1903 est
679 1841 832 1920 aetasque
854 1839 1014 1920 parentis:

153 1945 181 2008 si
201 1945 305 2028 pietas
327 1945 395 2008 ulla
418 1946 557 2022 estnec
580 1964 653 2027 spes
676 1945 807 2027 agitatis
830 1944 951 2022 inanes,

147 2049 287 2115 officium
307 2052 469 2134 praestate
491 2052 576 2134 patri
598 2051 735 2132 telisque
759 2053 924 2115 senectam
1046 2056 1049 2062 ’

146 2158 262 2239 erigite
285 2160 319 2222 et
341 2158 463 2222 saniem
486 2158 628 2223 coniecto
651 2157 789 2222 emittite
811 2143 915 2221 terro?

233 2263 304 2341 His,
325 2267 364 2327 ut
387 2254 532 2346 quaeque
556 2265 609 2347 pia
632 2267 691 2343 est,
712 2264 895 2329 hortatibus
918 2263 1016 2346 impia
1037 2263 1141 2346 prima
1164 2265 1223 2343 est,

55 2379 110 2434 340
148 2372 182 2435 et
202 2388 244 2434 ue
268 2370 311 2434 sit
334 2370 498 2448 scelerata,
520 2369 598 2435 facit
621 2371 734 2435 scelus.
778 2370 876 2434 Haud
898 2371 1008 2434 tamen
1030 2369 1114 2434 ictus

146 2477 214 2540 ulla
238 2495 312 2540 suos
335 2479 478 2559 spectare
501 2479 617 2559 potest,
639 2478 810 2559 oculosque
833 2476 1003 2541 reflectunt

145 2600 302 2664 caecaque
326 2583 405 2647 dant
427 2583 530 2648 saevis
554 2601 684 2649 aversae
706 2585 840 2649 vulnera
863 2583 992 2647 dextris.

143 2689 214 2766 Ille,
236 2707 346 2753 eruore
368 2688 480 2767 fluens,
503 2691 609 2755 cubito
631 2693 741 2756 tamen
764 2691 891 2755 adlevat
915 2692 1004 2754 artus

145 2795 374 2877 semilacerque
397 2798 466 2859 toro
488 2798 628 2879 temptat
650 2816 840 2879 consurgere
864 2798 897 2861 et
919 2797 1003 2861 inter

55 2908 108 2964 345
145 2903 195 2965 tot
217 2901 341 2966 medius
364 2902 486 2984 gladios
509 2904 665 2986 pallentia
687 2902 834 2968 bracchia
857 2902 992 2966 tendens

142 2995 234 3089 ‘quid
256 3007 370 3086 facitis,
393 3011 532 3090 gnatae?
556 3010 633 3091 quid
654 3028 711 3074 vos
729 3010 768 3072 in
790 3008 859 3072 fata
881 3007 1023 3091 parentis

146 3101 288 3178 armat?'
315 3115 368 3178 ait.
415 3114 562 3180 Cecidere
585 3117 648 3181 illis
672 3116 833 3197 animique
857 3132 1045 3196 manusque.

146 3219 246 3283 Plura
268 3211 414 3285 locuturo
438 3241 512 3286 cum
534 3223 639 3287 verbis
662 3223 795 3304 guttura
818 3220 945 3287 Colchis

147 3326 282 3391 abstulit
305 3329 339 3391 et
362 3328 472 3403 calidis
495 3329 653 3394 laniatum
675 3329 788 3394 mersit
810 3329 843 3392 in
866 3328 970 3393 undis.

962 3523 1013 3586 eo.
1035 3521 1171 3587 nouae
1191 3522 1280 3606 apa.

59 3653 112 3708 350
238 3643 331 3724 Quod
352 3646 415 3709 nisi
436 3648 584 3729 pennatis
608 3649 807 3730 serpentibus
830 3649 909 3712 isset
931 3648 965 3711 in
989 3665 1092 3725 aurea,

144 3771 207 3816 non
231 3753 380 3835 exempta
401 3750 482 3817 foret
504 3772 632 3836 poenae.
677 3755 773 3836 Fugit
796 3754 863 3818 alta
886 3771 1044 3835 superque

144 3858 254 3922 Pelion
276 3859 472 3937 umbrosum,
494 3859 658 3942 Philyreia
680 3862 774 3937 tecta,
798 3878 956 3943 superque

147 3963 273 4048 Othryn
297 3967 331 4030 et
353 3968 469 4030 eventu
491 3966 608 4030 veteris
631 3967 700 4031 loca
722 3969 798 4030 nota
822 3965 977 4031 Cerambi.

143 4071 206 4136 Hic
229 4090 287 4154 ope
310 4072 526 4154 nympharum
550 4073 695 4137 sublatus
718 4073 752 4135 in
776 4075 851 4136 aera
873 4071 995 4155 pennis,

61 4180 111 4236 355
145 4196 218 4242 cum
242 4178 349 4259 gravis
372 4177 477 4242 infuso
500 4180 597 4242 tellus
610 4176 701 4243 'foret
724 4179 838 4243 obruta
860 4180 967 4261 ponto,

143 4283 378 4349 Deucalioneas
402 4282 513 4365 effugit
535 4285 701 4358 inobrutus
725 4284 836 4349 undas.
