2858 4710
491 307 624 375 11111,
644 325 665 362 0.
685 309 834 364 era-eea

37 481 102 536 250
138 490 179 536 ne
202 468 372 553 properent
395 469 485 531 artus
510 469 616 531 anima
639 468 786 532 fraudare
811 471 911 533 senili.
988 451 990 453 ¹

141 576 228 656 Quos
251 575 306 639 ubi
328 574 466 657 placavit
488 576 697 657 precibusque
722 577 754 639 et
776 594 940 641 murmure
963 580 1066 662 longo,

60 713 63 719 ·
139 683 273 749 Aesonis
297 679 428 745 effetum
450 680 583 762 proferri
606 700 719 763 corpus
743 681 783 745 ad
807 701 901 747 auras

98 868 100 871 ¹
140 790 235 855 iussit
258 789 291 853 11
313 787 347 850 in
368 786 478 869 plenos
501 788 678 850 resolutum
701 789 840 852 carmine
864 807 999 866 somnos

142 894 278 962 exanimi
302 893 449 969 similem,
474 893 585 957 stratis
608 894 748 976 porrexit
771 895 804 957 in
827 895 943 958 herbis.

42 1012 105 1068 255
141 1003 226 1067 Hinc
247 1000 359 1084 procul
381 999 571 1076 Aesoniden,
594 1000 706 1082 procul
728 999 802 1064 hinc
826 1001 914 1065 iubet
937 1003 981 1067 ire
1005 1003 1168 1068 ministros

144 1111 177 1174 et
198 1109 307 1171 monet
331 1106 454 1171 arcanis
478 1106 586 1169 oculos
609 1124 770 1170 removere
793 1106 949 1189 profanos.

147 1214 329 1295 Diffugiunt
352 1212 440 1275 iussi.
484 1211 593 1275 Passis
616 1211 731 1275 Medea
754 1212 885 1294 capillis,

145 1322 360 1386 bacchantum
382 1318 456 1394 ritu,
478 1317 652 1398 flagrantes
676 1317 788 1382 circuit
812 1337 883 1382 aras

147 1427 389 1506 multifidasque
411 1424 496 1488 faces
519 1425 553 1487 in
577 1424 662 1488 fossa
686 1425 850 1506 sanguinis
875 1428 946 1490 atra

49 1546 109 1601 260
145 1534 242 1615 tingit
266 1534 298 1596 et
320 1530 455 1595 infectas
479 1531 615 1612 geminis
640 1531 784 1594 accendit
806 1532 840 1594 in
863 1532 926 1595 aris

145 1642 257 1721 terque
282 1656 391 1702 senem
414 1636 552 1714 flamma,
576 1639 625 1701 ter
649 1656 741 1718 aqua,
765 1638 814 1701 ter
838 1639 989 1720 sulphure
1014 1639 1142 1703 lustrat.
1229 1644 1232 1648 ’

145 1748 275 1812 Interea
296 1744 439 1809 validum
462 1745 565 1826 posito
588 1743 788 1808 medicamen
811 1748 890 1808 1111

147 1854 249 1918 fervet
272 1854 305 1916 et
327 1851 468 1916 exsultat
490 1851 675 1933 spumisque
699 1851 898 1915 tumentibus
923 1852 1017 1915 albet.

148 1960 220 2024 lllic
240 1958 419 2022 Haemonia
442 1957 564 2021 radices
587 1957 669 2020 valle
693 1959 844 2021 resectas.

53 2074 113 2131 265
151 2065 333 2146 seminaque
356 2063 512 2144 floresque
536 2065 569 2127 et
592 2081 683 2126 sucos
706 2063 849 2144 incoquit
873 2082 971 2127 acras.

148 2171 254 2235 Adicit
277 2173 416 2235 extremo
439 2169 560 2251 lapides
584 2169 703 2233 oriente
727 2169 844 2251 petitos

151 2281 183 2342 et
207 2295 286 2358 quas
311 2275 429 2342 Oceani
451 2275 587 2340 refluum
610 2294 698 2340 mare
722 2276 801 2339 lavit
824 2274 969 2353 harenas,

150 2383 239 2448 addit
262 2385 294 2447 11
317 2383 463 2464 exceptas
486 2382 564 2446 luna
587 2383 736 2464 pernocte
759 2383 888 2464 pruinas

151 2492 184 2555 et
206 2488 314 2570 strigis
337 2487 472 2552 infames
494 2488 572 2569 ipsis
596 2501 670 2552 cum
693 2488 840 2552 carnibus
864 2488 931 2552 alas

58 2605 116 2660 270
151 2597 247 2677 inque
271 2595 375 2659 virum
399 2594 484 2657 soliti
506 2595 615 2658 vultus
639 2596 764 2659 mutare
788 2594 905 2658 ferinos

152 2700 293 2783 ambigui
314 2703 459 2783 prosecta
482 2700 567 2782 lnpi;
591 2718 649 2764 nec
672 2700 773 2764 defuit
795 2701 861 2765 illic

153 2826 305 2889 squamea
329 2806 476 2891 Cinyphii
499 2809 604 2872 tennis
628 2808 814 2872 membrana
837 2808 979 2889 chelydri

152 2914 332 2994 vivacisque
354 2914 442 2978 iocur
464 2915 563 2988 cervi,
588 2914 702 2994 quibus
725 2913 855 2994 insuper
879 2912 968 2976 addit

154 3038 209 3084 ora
231 3020 389 3102 caputque
412 3038 525 3084 novem
549 3020 679 3084 comicis
704 3020 832 3084 saecula
854 3037 976 3101 passae.

63 3135 118 3191 115
154 3126 214 3189 His
235 3128 270 3189 11
292 3127 379 3189 mille
404 3126 473 3189 aliis
496 3128 669 3208 postquam
692 3126 760 3190 sine
783 3126 909 3189 nomine
933 3127 1027 3190 rebus

154 3233 350 3315 propositum
372 3232 524 3297 instruxit
546 3233 699 3297 remorari
722 3234 856 3297 Tartara
878 3252 1005 3308 111111,

156 3339 259 3403 arenti
281 3357 369 3402 ramo
392 3339 583 3420 iampridem
605 3339 692 3403 mitis
717 3340 816 3404 olivae

156 3444 262 3509 omnia
285 3443 427 3509 confudit
449 3445 647 3526 summisque
669 3446 833 3510 inmiscuit
856 3446 930 3509 ima.

156 3551 236 3615 Ecce
259 3553 351 3615 vetus
374 3551 475 3615 calido
497 3552 643 3615 versatus
669 3553 767 3634 stipes
792 3555 870 3616 aino

66 3663 120 3737 180
155 3656 193 3720 fit
214 3655 323 3720 viridis
345 3657 457 3740 primo,
478 3674 538 3720 nee
560 3656 654 3739 longo
677 3659 818 3741 tempore
842 3656 969 3722 frondes

156 3762 261 3827 induit
284 3766 317 3827 11
340 3763 445 3827 subito
469 3763 607 3844 gravidis
632 3767 783 3830 oneratur
806 3764 904 3828 olivis.

158 3870 202 3932 At
225 3885 427 3950 quacumque
450 3887 526 3933 cavo
551 3888 682 3952 spumas
706 3870 797 3934 eiecit
820 3874 898 3934 1111

158 3975 239 4055 ignis
263 3977 296 4039 et
318 3976 494 4040 interram
517 3978 628 4057 guttae
652 3975 791 4042 cecidere
814 3977 964 4051 colenter,

157 4083 271 4145 vernat
292 4083 419 4157 humus,
442 4081 599 4162 floresque
624 4084 657 4146 et
680 4082 788 4146 mollia
810 4083 927 4164 pabula
951 4081 1096 4162 surgunt.

28 4266 31 4271 ⁶
72 4191 123 4248 185
247 4187 335 4268 Quae
360 4188 456 4252 simul
480 4207 516 4252 ac
538 4188 626 4265 vidit,
650 4189 760 4253 stricto
783 4188 897 4252 Medea
920 4187 1055 4251 recludit

158 4311 232 4358 ense
255 4294 339 4358 senis
362 4293 517 4375 iugulum,
539 4296 744 4379 veteremque
768 4294 854 4360 orire
877 4311 1030 4358 cruorem
