2858 4710
554 296 886 364 mmmmm

198 459 236 523 do
260 459 326 536 1111,
349 476 467 541 perque
488 456 587 521 fidem
611 458 808 537 cognataque
831 458 960 538 pectora
983 457 1124 538 supplex,

197 583 253 648 per
277 582 407 647 superos
431 580 493 640 ore,
516 563 619 644 patrio
642 564 680 626 ut
703 562 823 625 tuearis
847 580 954 626 amore

109 679 162 734 515
199 670 333 735 etmihi
358 668 511 734 sollicitae
534 667 673 732 lenimen
696 667 788 732 dulce
812 670 958 732 senectae

201 777 460 859 quamprimum
484 810 526 820 —
550 774 653 839 omnis
682 774 743 839 erit
770 773 860 839 nobis
883 792 973 838 mora
996 775 1090 856 longa
1114 809 1156 819 -
1180 772 1336 837 rem‘ttas.

200 884 248 946 Tu
285 899 410 963 quoque
446 898 544 962 quam
577 881 717 963 primum
755 917 798 926 —
836 881 915 944 satis
951 882 1000 944 est
1039 879 1149 962 procul
1184 896 1252 943 esse
1287 897 1337 943 so·

998 1003 1102 1050 rorem
1132 1021 1174 1032 -

200 1094 227 1157 si
249 1094 351 1175 pietas
375 1092 443 1156 ulla
465 1094 524 1170 est,
548 1091 587 1156 ad
610 1110 672 1168 me,
693 1091 881 1169 Philomela,
904 1080 1032 1156 redito'.

287 1198 462 1263 Mandabat
483 1199 667 1281 pariterque
691 1216 767 1262 suae
791 1197 890 1262 dabat
912 1198 1020 1263 oscula
1041 1200 1147 1275 natae,

109 1312 163 1368 515
200 1307 233 1369 51
254 1305 406 1369 lacrimae
430 1304 525 1368 mites
549 1304 632 1367 inter
655 1303 808 1367 mandata
831 1302 994 1368 cadebant.
1096 1336 1097 1339 ¹

199 1411 308 1493 thue
330 1410 391 1475 fide
414 1410 530 1493 pignus
553 1409 681 1475 dextras
704 1409 872 1491 utriusque
895 1410 1038 1492 poposcit

200 1517 284 1581 inter
307 1535 404 1599 seque
428 1517 520 1581 datas
544 1517 656 1594 iunxit,
678 1518 853 1598 natamque
876 1517 1087 1599 nepotemque

201 1623 349 1687 absentes
372 1642 429 1706 pro
453 1641 487 1688 55
509 1624 642 1688 memori
665 1625 758 1705 rogat
781 1641 834 1687 ore
858 1624 1018 1698 salutent;

201 1747 448 1812 supremumque
472 1729 543 1793 5515
565 1730 659 1812 51555
683 1729 875 1811 singultibus
899 1747 951 1793 ore

110 1842 164 1898 510
201 1836 252 1900 vix
275 1835 354 1899 dixit
376 1835 549 1916 timuitque
573 1853 650 1899 suae
672 1836 839 1917 praesagia
860 1835 988 1900 mentis.
1029 1910 1032 1918 ι

289 1941 336 2004 Ut
359 1940 458 2004 semel
481 1940 629 2022 imposita
652 1943 702 2003 est
723 1940 827 2023 pictae
849 1939 1029 2005 Philomela
1051 1941 1187 2019 carinae,

202 2046 431 2127 admotumque
454 2045 574 2109 fretum
596 2045 693 2109 remis
715 2046 876 2128 tellusque
899 2048 1029 2129 repulsa
1053 2049 1111 2124 est,

197 2138 357 2217 ‘vicimus'
384 2151 550 2229 exclamat,
572 2139 712 2215 ‘mecum
734 2154 904 2216 meavota
926 2139 1087 2217 feruntur'

202 2258 405 2340 exsultatque
429 2258 462 2321 et
483 2257 535 2320 vix
558 2256 664 2320 animo
687 2275 747 2321 sua
769 2257 887 2339 gaudia
909 2255 1014 2322 differt

111 2371 164 2425 515
200 2364 356 2428 barbarus
380 2365 413 2428 et
434 2380 595 2445 nusquam
617 2363 728 2427 lumen
751 2363 922 2445 detorquet
945 2364 984 2428 ab
1007 2365 1072 2442 illa,

199 2489 263 2534 non
287 2470 388 2548 aliter,
413 2488 510 2552 quam
532 2488 606 2534 cum
628 2469 761 2552 pedibus
784 2469 953 2552 praedator
976 2471 1105 2536 5155515

201 2575 348 2659 deposuit
369 2575 443 2640 nido
466 2561 606 2658 leporem
628 2574 712 2639 Iovis
736 2576 860 2640 alesin
883 2576 965 2640 alto:

200 2682 290 2746 nulla
313 2681 391 2764 fuga
413 2684 463 2747 est
486 2683 587 2764 capto,
611 2683 735 2764 5555151
759 2699 818 2746 555
839 2682 983 2765 praemia
1005 2685 1122 2766 raptor.

204 2788 338 2869 Iamque
361 2789 423 2852 iter
445 2786 603 2865 effectum,
626 2788 755 2869 iamque
778 2788 811 2851 in
835 2806 894 2852 sua
915 2789 1012 2854 litora
1033 2788 1126 2854 fessis

113 2901 167 2957 520
203 2894 363 2976 puppibus
387 2893 537 2970 exierant,
560 2912 635 2957 oum
657 2911 712 2957 rex
734 2892 895 2959 Pandione
917 2896 1029 2958 natam

203 3000 236 3062 in
260 2999 387 3063 stabula
410 3000 477 3063 alta
500 2998 609 3076 trahit,
632 2999 720 3063 silvis
743 2999 878 3064 obscura
900 3000 1046 3077 55155115,

205 3108 301 3188 51555
324 3106 368 3171 111
390 3106 564 3189 pallentem
587 3105 807 3188 trepidamque
831 3108 865 3170 et
887 3108 1003 3172 cuneta
1025 3106 1192 3171 timentem

205 3216 237 3277 et
259 3213 324 3276 iam
348 3232 421 3278 oum
444 3212 593 3289 lacrimia
616 3212 671 3277 511
694 3213 737 3276 511
759 3231 920 3295 germana,
942 3215 1109 3295 rogantem

204 3319 355 3383 includit:
380 3318 549 3400 fassusque
571 3317 662 3383 nefas
686 3321 719 3382 et
741 3318 897 3401 virginem
920 3321 953 3383 et
975 3337 1074 3382 unam

115 3431 167 3486 525
204 3425 236 3488 51
259 3428 398 3508 5555551,
421 3424 542 3489 1555155
565 3425 703 3489 clamato
727 3442 820 3508 saepe
842 3427 984 3508 parente,

205 3548 298 3613 saepe
323 3549 427 3595 sorore
452 3548 520 3609 sua,
542 3530 666 3612 magnis
690 3549 785 3614 super
808 3531 914 3595 omnia
936 3531 1025 3595 divis.

204 3636 266 3700 Illa
289 3637 399 3701 tremit
421 3637 510 3701 velut
532 3654 615 3718 agna
637 3654 765 3719 555555,
790 3655 871 3719 5555
895 3637 1004 3702 555515
1027 3637 1097 3703 5551

199 3761 258 3807 555
283 3761 415 3808 excussa
436 3743 505 3825 lupi
526 3742 669 3806 nondum
693 3742 848 3807 51111515
870 3743 1005 3821 5115155,

206 3854 305 3931 51555
330 3848 476 3914 columba
498 3867 555 3913 suo
578 3847 765 3913 madefactis
790 3849 943 3930 sanguine
965 3848 1084 3932 plumis

115 3953 170 4018 535
205 3956 314 4020 horret
337 3954 440 4020 51155
463 3954 634 4036 avidosque
657 3955 759 4030 timet,
783 3954 898 4036 551155
921 3956 1078 4033 haeserat,
1101 3973 1234 4037 ungues.

206 4062 279 4127 Mox
301 4061 357 4125 511
378 4078 470 4125 mens
492 4060 595 4138 rediit,
616 4079 728 4144 passos
750 4061 871 4125 laniata
894 4061 1032 4144 capillos,
1168 4058 1169 4062 ’

206 4168 330 4250 lugenti
353 4166 473 4244 similis,
496 4167 597 4231 eaesis
619 4167 771 4249 plangore
794 4166 932 4243 lacertis,

207 4273 373 4338 intendens
396 4271 520 4356 palmas
540 4261 572 4337 ‘o
596 4272 672 4337 diris
695 4272 828 4338 barbare
851 4272 953 4350 factis,
