2858 4710
451 253 507 308 Lib.
525 251 597 320 VIII,
615 267 639 308 v.
659 250 807 308 toa-857.

102 417 293 497 Functaque
315 414 465 481 mandato
488 411 659 479 fecundum
681 411 800 478 deserit
822 413 930 477 orbem

106 523 206 606 inque
230 521 338 587 domos
361 519 480 605 inopes,
503 519 637 584 adsueta
659 519 831 584 revertitur
853 519 954 584 antra.

194 627 290 693 Lenis
315 626 419 692 adhuc
442 643 571 691 somnus
593 625 727 708 placidis
750 625 984 708 Erysichthona
1005 626 1118 710 pennis

105 735 286 801 mulcebat:
309 733 390 816 petit
411 733 465 797 ille
489 731 585 815 dapes
609 732 669 796 sub
691 731 829 814 imagine
853 732 956 797 somni

14 851 67 909 825
107 859 228 924 oraque
250 858 333 905 vana
356 840 463 905 movet
485 838 676 920 dentemque
698 838 731 902 in
755 839 849 904 dante
871 837 986 921 fatigat

109 949 296 1029 exercetque
319 945 388 1010 cibo
410 943 559 1009 delusum
582 945 694 1026 guttur
715 945 803 1008 inani

108 1072 229 1140 proque
253 1052 355 1136 epulis
377 1053 490 1117 188888
512 1051 709 1135 noqqunam
732 1051 865 1117 devorat
887 1069 990 1117 auras.

108 1162 157 1228 Ut
179 1179 253 1226 vero
277 1160 327 1225 est
349 1159 481 1242 expulsa
504 1158 604 1240 quies,
626 1156 705 1222 furit
728 1157 820 1222 ardor
843 1157 955 1223 edendi

110 1285 229 1352 perque
253 1264 361 1331 auidas
384 1264 493 1330 fauces
514 1262 721 1345 inmensaque
743 1263 866 1329 viscera
887 1265 1009 1346 regnat.

29 1384 76 1440 880
111 1363 180 1439 Nec
200 1390 299 1450 mora,
323 1371 408 1454 qnod
429 1372 555 1455 pontus,
579 1369 664 1453 quod
686 1371 781 1448 terra
805 1370 889 1452 quod
912 1370 1028 1437 8818888
1049 1373 1113 1450 ain,

113 1479 216 1564 poscit
238 1479 271 1544 et
294 1477 445 1562 adposItis
470 1477 614 1560 queritur
636 1476 753 1542 ieiunia
774 1476 894 1542 mensis

114 1587 209 1668 inque
233 1585 333 1669 epuiis
357 1586 467 1669 epulas
491 1583 633 1666 quaerit3
658 1583 806 1666 quodque
828 1584 959 1650 urbibus
983 1602 1053 1650 csso

115 1693 261 1775 quodque
284 1691 361 1756 satis
384 1692 511 1775 poterat
532 1690 658 1773 populo,
680 1709 745 1754 non
767 1689 885 1755 sufficit
906 1691 971 1769 uni,

114 1800 249 1882 plusque
273 1797 369 1881 cupit,
392 1816 454 1879 quo
476 1798 570 1880 plura
594 1815 687 1861 suam
710 1796 854 1862 demittit
873 1797 907 1862 in
931 1798 1048 1863 alvum.

38 1913 84 1970 885
118 1905 227 1987 thue
250 1902 369 1970 fretum
391 1903 504 1987 recipit
526 1903 565 1968 de
587 1903 656 1967 tota
677 1901 811 1967 flumina
832 1905 918 1968 terra

116 2030 174 2077 nec
196 2011 333 2076 sadatur
355 2009 447 2092 aquis
469 2009 714 2093 peregrinosque
738 2008 837 2074 ebibit
859 2027 979 2087 amnes,

115 2119 214 2201 utque
236 2134 336 2200 rapax
356 2115 440 2198 ignis
462 2134 526 2182 non
548 2133 704 2198 nmquam
728 2115 880 2181 alimenta
901 2117 1032 2182 recusat

117 2224 364 2305 innumerasque
387 2223 494 2287 trabes
518 2224 640 2287 cremat
663 2224 703 2300 et,
727 2240 789 2304 quo
813 2223 902 2306 copia
924 2222 1026 2288 maior

119 2333 166 2397 est
189 2330 272 2408 data,
294 2329 385 2413 plura
407 2329 489 2412 petit
510 2329 669 2411 turbaque
692 2329 833 2394 voracior
854 2328 925 2411 ipsa
948 2330 1015 2394 ost:

37 2447 85 2503 840
120 2437 165 2502 sic
188 2437 297 2520 epulas
321 2454 429 2501 omnes
452 2435 694 2518 Erysichthonis
717 2453 772 2501 ora
793 2434 917 2519 profani

119 2543 277 2627 accipiunt
298 2543 496 2626 poscuntque
519 2543 623 2607 simul.
668 2541 765 2608 Cibus
790 2543 892 2608 omnis
914 2543 948 2607 in
969 2542 1025 2608 illo

121 2668 218 2717 causa
241 2649 302 2714 cibi
324 2651 382 2727 est,
405 2667 593 2732 semperque
616 2650 703 2715 locus
725 2649 763 2714 fit
784 2650 888 2715 inanis
912 2648 1041 2716 edendo.

206 2757 340 2838 Iamque
362 2755 447 2820 fame
469 2756 590 2839 patrias
614 2757 742 2837 altaque
765 2756 914 2839 voragine
937 2757 1057 2822 ventris

121 2864 305 2928 attenuarat
327 2880 410 2945 opes,
433 2861 489 2927 sed
511 2862 713 2927 inattenuata
733 2864 885 2928 manebat

37 2978 85 3035 845
120 2971 192 3035 tum
214 2987 338 3051 quoque
362 2968 431 3033 dira
452 2967 563 3047 fames,
583 2969 836 3052 implacataeque
860 2969 987 3052 vigebat

121 3076 253 3141 flamma
275 3076 377 3158 gulae.
422 3075 573 3154 Tandem,
597 3075 733 3140 demisso
756 3076 791 3140 in
813 3076 935 3143 viscera
958 3095 1064 3157 censu,

123 3182 188 3247 fflia
210 3183 360 3260 restabat,
381 3201 445 3247 non
468 3182 521 3246 illo
545 3181 641 3264 digna
662 3184 804 3266 parente.

77 3354 86 3363 ,
122 3288 214 3353 Hanc
237 3307 360 3370 quoque
383 3288 492 3354 vendit
513 3288 613 3372 inops.
658 3289 832 3355 Dominum
855 3309 1008 3373 generosa
1030 3294 1160 3361 recusat

125 3396 158 3460 et
179 3394 282 3459 vicina
304 3412 380 3459 suas
403 3394 537 3459 tendens
560 3413 655 3478 super
678 3414 819 3479 aequora
838 3398 963 3481 palmas

36 3509 90 3565 850
128 3500 236 3586 „eripe
258 3519 310 3566 me
334 3501 468 3581 domino,
492 3502 548 3583 qui
569 3503 680 3585 raptae
703 3505 846 3586 praemia
867 3506 958 3571 nobis

124 3607 315 3690 virgInitatis
337 3607 458 3673 habes“
482 3608 536 3672 ait.
580 3607 669 3674 Haec
691 3609 862 3694 Neptunus
884 3612 1031 3679 habebat.

127 3713 188 3794 Qui
208 3733 301 3799 prece
323 3734 387 3780 non
410 3716 525 3798 spreta,
549 3715 695 3797 quumvis
718 3718 812 3783 modo
836 3719 905 3785 visa
928 3722 1074 3804 sequenti

128 3824 212 3887 esset
235 3840 296 3899 ero,
318 3821 515 3903 formamque
538 3824 635 3888 novat
657 3825 846 3908 vultumque
868 3827 992 3894 vitilem

128 3927 231 3992 induit
254 3929 287 3993 et
309 3928 414 3993 cultus
436 3929 538 4012 pisces
562 3930 760 4014 capientibus
784 3935 884 4016 aptos.

35 4041 93 4100 855
127 4033 218 4100 Hono
242 4034 387 4098 dominus
412 4036 557 4118 spectans
581 4056 623 4117 „o
648 4038 703 4120 qui
724 4039 896 4123 pendentia
918 4062 1015 4127 parvo

131 4158 204 4207 aera
226 4141 294 4207 cibo
317 4143 410 4220 celas,
432 4142 613 4209 moderator
634 4146 856 4227 harundinis“‚
879 4149 984 4234 inquit

33 4307 40 4314 .
133 4248 200 4325 „sic
221 4265 309 4313 mare
333 4249 552 4333 compositum,
576 4253 621 4318 sio
644 4253 688 4319 sit
709 4255 769 4319 tibi
790 4255 887 4339 piscis
909 4258 944 4324 in
965 4260 1057 4326 unda
