2858 4710
150 278 216 337 168
548 268 619 340 Aper
636 268 800 338 Calydonius,
836 269 973 339 Meleager.

241 432 337 512 atque
359 430 405 494 ita
425 418 536 494 ‘sume
558 430 621 494 mei
644 430 788 514 spolium,
811 430 977 508 Nonaeria,
999 418 1102 507 iuris',

241 536 320 600 dixit
339 524 385 601 ‘et
407 537 441 601 in
461 539 587 620 partem
609 537 716 602 veniat
738 556 810 602 mea
833 537 931 619 gloria
953 527 1085 602 teoum'.

240 643 389 708 Protinus
413 643 540 708 exuvias
564 643 672 725 rigidis
696 643 857 708 horrentia
880 644 976 708 saetis

241 751 331 835 terga
354 749 410 813 dat
433 750 465 814 et
487 749 611 831 magnis
634 750 771 831 insignia
794 750 942 814 dentibus
966 769 1028 814 ora.

144 871 204 927 430
239 855 293 919 Illi
313 856 453 920 laetitiae
478 858 527 921 est
550 874 622 920 oum
645 874 776 920 munere
799 856 939 921 muneris
963 859 1089 921 auotor:

240 961 379 1026 invidere
404 963 465 1040 alii,
488 965 619 1044 totoque
643 964 712 1027 erat
735 963 859 1045 agmine
882 983 1037 1028 murmur.

241 1068 267 1131 Ε
292 1069 406 1151 quibus
429 1069 551 1151 ingenti
573 1069 740 1134 tendentes
763 1069 910 1134 braoohia
932 1088 1007 1135 vooe

239 1162 338 1258 ‘pone
362 1195 420 1258 age
442 1195 502 1242 nee
524 1177 634 1241 titulos
657 1176 965 1269 interoipepfemina,
988 1164 1139 1257 nostros',

242 1281 430 1353 Tbestiadae
454 1284 602 1361 clamant,
622 1271 704 1349 ‘neo
723 1286 755 1348 te
778 1283 893 1347 fiducia
914 1282 1033 1347 formae

146 1394 205 1451 -435
243 1387 388 1472 desipiat,
409 1409 450 1454 ne
474 1391 516 1454 sit
538 1391 630 1472 longe
653 1390 712 1454 tibi
735 1390 847 1472 eaptus
871 1408 976 1454 amore
1048 1447 1049 1451 ,

243 1483 366 1559 000100>
391 1498 423 1560 01
445 1496 520 1561 huie
543 1496 688 1561 adimunt
709 1515 835 1573 munus,
858 1496 908 1560 ius
931 1496 1072 1560 muneris
1094 1495 1149 1560 illi.

330 1601 402 1666 Non
423 1602 499 1666 tulit
522 1604 554 1667 et
576 1602 699 1667 tumida
721 1602 868 1667 frendens
891 1601 1067 1667 Mavortius
1089 1603 1136 1667 ira

240 1693 379 1785 ‘discite
402 1710 545 1792 raptores
569 1697 676 1774 alieni²
704 1709 781 1773 dixit
801 1696 956 1786 ‘honoris

242 1812 327 1879 10010
349 1815 443 1879 minis
467 1817 624 1897 quantum
647 1806 789 1892 distent',
812 1815 982 1897 hausitque
1004 1815 1139 1880 nefando

147 1927 207 1983 -440
242 1923 370 2003 pectora
391 1922 534 2006 Plexippi
556 1923 602 1986 nil
624 1923 689 1987 tale
712 1922 860 1987 timentia
882 1921 974 1986 ferro.

242 2028 352 2106 Toxoa,
376 2028 453 2110 quid
474 2029 579 2107 faeiat,
603 2029 734 2094 dubium
756 2029 937 2112 pariterque
960 2029 1119 2093 volentem

242 2135 353 2200 uleisei
374 2135 507 2201 fratrem
529 2135 732 2219 fraternaque
755 2135 822 2200 fata
844 2136 1021 2212 timentem,

242 2241 328 2306 haud
349 2243 471 2325 patitur
495 2243 638 2307 dubitare
661 2243 715 2308 diu
739 2242 939 2324 calidumque
961 2241 1058 2324 priori

243 2348 337 2413 oaede
361 2349 520 2414 recalfecit
544 2349 681 2414 eonsorti
704 2349 856 2430 sanguine
880 2350 990 2412 telum.

147 2460 206 2516 445
331 2454 423 2520 Dona
447 2455 542 2520 deum
565 2455 692 2538 templis
715 2456 791 2519 nato
813 2455 930 2520 victore
953 2454 1083 2532 ferebat,

244 2579 317 2625 oum
338 2561 425 2626 videt
447 2561 617 2627 exstinetos
639 2561 754 2626 fratres
776 2562 913 2626 Althaea
935 2562 1054 2626 referri.

244 2665 331 2746 Quae
353 2669 503 2752 plangore
526 2667 600 2732 dato
624 2668 755 2733 maestis
778 2668 966 2733 elamoribus
989 2669 1101 2733 urbem

242 2774 354 2858 implet
378 2776 410 2840 et
433 2775 553 2840 auratis
576 2774 713 2839 mutavit
736 2775 876 2839 vestibus
900 2776 995 2839 atras.
1160 2855 1162 2860 .

243 2883 286 2946 At
309 2883 406 2947 simul
428 2877 478 2947 est
500 2883 610 2947 auotor
632 2882 717 2946 neeis
741 2881 856 2959 editus,
879 2881 993 2946 excidit
1016 2881 1117 2946 omnis

147 2996 207 3053 450
242 2990 348 3055 luetus
372 2991 405 3054 et
428 3007 447 3054 a
468 2989 607 3054 lacrimis
630 2989 663 3052 in
685 2969 803 3071 poenae
825 3006 936 3053 versus
960 3006 1099 3053 amorem
1122 2990 1180 3053 est.

333 3095 437 3179 Stipes
462 3097 538 3173 erat,
562 3114 666 3177 quem,
689 3114 762 3159 oum
784 3097 895 3177 partus
919 3094 1010 3159 enixa
1032 3095 1149 3160 iaoeret

243 3202 397 3279 Thestias,
419 3202 453 3265 in
475 3201 638 3265 flammam
660 3201 800 3283 triplioes
823 3217 954 3283 posuere
978 3219 1117 3276 sorores;

245 3307 446 3388 staminaque
468 3307 621 3390 impresso
644 3306 754 3371 fatalia
775 3307 887 3389 pollioe
909 3308 1021 3372 nentes

241 3401 418 3497 ‘tempora'
444 3412 590 3478 dixerunt
609 3401 741 3477 ‘eadem
762 3412 911 3495 lignoque
934 3413 1064 3494 tibique,

148 3529 207 3587 455
246 3521 379 3586 omodo
402 3522 486 3599 nate,
510 3507 648 3584 damus'.
694 3518 763 3598 Quo
785 3520 956 3603 postquam
979 3521 1116 3586 carmine
1140 3520 1224 3586 dioto

244 3647 403 3694 excessere
427 3627 513 3704 deae,
535 3627 726 3710 fiagrantem
748 3628 853 3692 mater
876 3627 915 3691 ab
937 3626 1011 3708 igne

244 3736 360 3820 eripuit
382 3753 509 3800 ramum
531 3734 710 3817 sparsitque
733 3733 926 3816 liquentibus
950 3732 1052 3797 undis.

243 3842 302 3908 ille
325 3843 380 3908 diu
402 3842 508 3908 fuerat
529 3841 746 3925 penetralibus
770 3841 896 3905 abditus
919 3839 991 3904 imis

245 3952 452 4032 servatusque
475 3950 556 4026 tuos,
578 3949 709 4026 invenis,
733 3949 914 4012 servaverat
937 3965 1046 4012 annos.

147 4065 208 4120 1460
243 4055 381 4121 Protuht
403 4057 488 4121 huno
511 4055 652 4137 genetrix
674 4054 850 4135 taedasque
873 4054 906 4117 et
927 4051 1085 4136 fragmina
1106 4054 1182 4138 poni

244 4163 380 4246 imperat
402 4164 435 4227 et
456 4161 566 4245 positis
588 4161 730 4225 inimioos
754 4159 901 4224 admovet
923 4159 1021 4241 ignes.

244 4270 325 4336 lum
348 4271 460 4334 oonata
484 4271 596 4351 quater
618 4267 757 4332 fiammis
780 4266 941 4349 imponere
965 4286 1099 4345 ramum,
