2910 4710
486 274 541 328 Lib.
560 273 631 341 VIII,
649 291 673 327 v.
691 273 841 328 ora-641.

55 445 107 500 601
146 436 234 502 adfer
257 454 347 518 opem
369 453 564 516 mersaeque,
586 453 704 517 precor,
726 433 852 498 feritate
874 434 1007 516 paterna

55 550 109 606 602
146 543 194 621 da,
217 543 374 625 Neptune,
396 541 521 616 locum;
543 542 594 605 uel
618 541 660 605 sit
682 542 769 605 locus
792 541 870 623 ipsa,
893 539 1031 604 licebit“.

56 658 108 713 609
233 648 320 712 Dum
342 650 461 730 loquor,
486 648 629 730 amplexa
652 648 700 712 066
723 649 812 711 artus
838 665 920 710 nova
942 647 1028 710 terra
1049 647 1206 725 natantes,

55 765 109 819 610
145 757 178 821 66
201 754 305 838 gravis
328 755 461 819 increvit
483 754 617 818 mutatis
640 753 746 818 insula
768 739 937 834 membris,>
1034 775 1036 780 ·

824 949 875 1011 48.
900 945 1068 1013 Philemon
1089 951 1118 1013 et
1140 945 1278 1012 Baucis„

233 1072 344 1137 Amnis
368 1073 407 1137 ab
429 1071 479 1135 his
502 1071 611 1136 tacuit.
656 1071 790 1135 Factum
812 1072 956 1136 mirabile
981 1074 1110 1137 cunctos

146 1180 306 1244 mouerat:
330 1178 447 1253 inridet
469 1177 642 1256 credentes,
665 1178 765 1258 utque
789 1176 919 1241 deorum

147 1287 269 1369 spretor
293 1286 362 1350 6166
383 1283 563 1365 mentisque
586 1284 680 1361 ferox,
703 1283 809 1347 Ixione
832 1285 927 1347 natus

144 1379 237 1456 ‘ficta
259 1390 357 1456 refers
380 1391 577 1473 nimiumque
598 1393 702 1473 putas,
724 1390 869 1467 Acheloe,
891 1391 1035 1472 00606666

57 1505 110 1562 615
147 1516 215 1563 6666
240 1484 340 1575 decs',
364 1496 442 1560 dixit
463 1484 509 1560 ‘si
533 1496 611 1561 dant
634 1495 841 1577 adimuntque
864 1484 1008 1578 figuras'.

235 1602 423 1686 Obstipuere
447 1621 556 1667 omnes
578 1621 637 1667 nec
659 1602 738 1666 talia
761 1601 846 1666 dicta
867 1603 1049 1685 probarunt,
1134 1637 1140 1647 ·

147 1712 220 1775 ante
244 1727 416 1791 omnesque
438 1709 543 1787 Lelex,
567 1709 672 1773 animo
694 1711 842 1774 maturus
866 1711 899 1773 66
921 1727 1006 1787 aeuo,

147 1818 192 1882 sic
215 1816 275 1881 ait:
297 1804 468 1879 ‘Inmensa
491 1817 540 1878 est
561 1814 720 1896 finemque
743 1815 885 1897 potentia
908 1815 987 1879 00611

146 1922 338 1999 nonhabet,
362 1923 394 1986 06
418 1919 571 2001 quidquid
595 1919 700 2002 superi
722 1921 858 1997 uoluere,
881 1921 1046 2002 peractum
1069 1922 1126 1986 est.

58 2038 111 2094 620
148 2027 279 2111 Quoque
302 2027 408 2091 minus
433 2001 675 2135 dubiteqitiliae
699 2026 895 2090 contermina
918 2043 1052 2107 quercus

149 2135 280 2200 collibus
304 2133 354 2197 est
376 2131 534 2214 Phrygiis,
556 2130 679 2196 modico
703 2131 898 2195 circumdata
919 2139 1024 2195 muro:

147 2241 219 2326 Ipse
241 2242 346 2305 locum
368 2238 451 2313 ridi;
473 2255 549 2302 narn
570 2256 622 2301 me
645 2236 796 2320 Pelopeia
817 2237 967 2302 Pittheus
1035 2244 1036 2247 ’

146 2347 290 2427 16161616
312 2363 396 2423 arva,
419 2363 477 2409 suo
501 2343 660 2426 quondam
682 2344 814 2426 regnata
836 2344 969 2427 parenti.

147 2453 243 2518 Haud
265 2452 375 2545 procul
396 2451 471 2515 hinc
494 2453 644 2533 stagnum
667 2452 724 2528 est,
747 2451 842 2515 tellus
866 2451 1047 2516 habitabilis
1071 2451 1157 2530 olim,

60 2567 111 2623 625
147 2579 232 2624 nuno
255 2559 392 2650 celebres
414 2557 532 2640 mergis
554 2557 721 2640 fulicisque
743 2558 938 2640 palustribus
961 2559 1074 2624 undae.

147 2666 290 2750 Iuppiter
313 2665 375 2729 huc
398 2664 500 2746 specie
522 2664 651 2727 mortali
674 2682 808 2745 cumque
832 2666 962 2750 parente
989 2656 992 2665 ’

148 2773 236 2837 venit
257 2769 457 2836 Atlantiades
479 2770 590 2852 0061616
614 2769 772 2835 caducifer
795 2771 862 2834 6116.

148 2879 237 2944 Μ1116
260 2877 369 2942 domos
392 2875 497 2941 adiere
520 2876 625 2940 locum
648 2876 852 2958 requiemque
875 2878 1028 2959 petentes,

149 2985 236 3051 mille
260 2983 368 3048 domos
392 2982 533 3047 clausere
557 2999 655 3046 60106.
699 2982 819 3046 Tamen
842 3001 906 3047 uua
928 2984 1055 3066 1600016,

63 3101 114 3156 630
150 3110 249 3175 parra
272 3089 408 3173 quidem,
431 3088 557 3172 stipulis
582 3090 614 3153 et
637 3078 738 3154 canna
760 3090 845 3153 tecta
867 3089 1021 3172 palustri;

60 3179 63 3191 ’
151 3197 207 3262 sed
228 3197 282 3281 pia
303 3196 420 3260 Baucis
444 3214 523 3260 anus
546 3195 702 3279 porihque
726 3196 829 3260 aetate
852 3195 1018 3260 Philemon

151 3305 206 3369 illa
229 3306 306 3368 sunt
329 3302 419 3368 annis
441 3303 541 3366 iuncti
563 3302 770 3381 iuvenalibus,
792 3303 848 3367 illa

152 3428 342 3476 consenuere
366 3426 439 3474 casa
460 3410 744 3493 paupertatemque
766 3408 893 3474 fatendo

152 3515 280 3582 effecere
302 3516 405 3581 leuem
427 3533 486 3578 nec
508 3514 617 3596 iniqua
638 3517 745 3579 mente
768 3514 904 3579 ferendo.

65 3631 115 3687 635
151 3623 219 3689 Nec
241 3621 346 3700 refert,
370 3621 510 3686 dominos
533 3621 598 3685 illic
620 3620 796 3685 famulosne
819 3623 978 3704 requiras:

151 3731 222 3794 tota
245 3728 356 3793 domus
379 3727 440 3792 duo
464 3729 547 3806 sunt,
570 3726 655 3791 idem
676 3730 852 3810 parentque
874 3728 1058 3809 iubentque.
1111 3808 1112 3812 Ἰ

240 3835 324 3917 Ergo
347 3834 401 3898 ubi
424 3835 590 3899 caelicolae
612 3851 725 3916 parvos
749 3834 881 3916 tetigere
904 3835 1034 3917 penates

154 3942 372 4022 submissoque
394 3940 532 4005 humiles
555 3941 717 4005 intrarunt
739 3941 855 4005 vertice
879 3941 993 4023 postes,

152 4049 295 4113 membre
318 4065 412 4112 senex
433 4047 536 4130 posito
559 4047 653 4112 iussit
674 4047 813 4112 relevare
838 4046 936 4125 sedili,

66 4161 117 4218 640
154 4173 214 4238 quo
238 4152 440 4237 superiniecit
462 4154 586 4218 textum
609 4153 686 4218 rude
711 4153 822 4218 sedula
843 4152 969 4217 Baucis.

151 4260 230 4326 Inde
253 4260 321 4324 foco
345 4259 492 4344 tepidum
514 4259 651 4325 cinerem
674 4259 806 4324 dimovit
828 4262 861 4324 et
882 4259 973 4342 ignes
