2858 4710
147 297 210 353 122
598 286 700 354 Progne
718 288 746 338 et
764 285 915 338 Philomela.

235 448 414 528 detectique
437 449 550 530 patent
572 447 670 522 nervi,
693 445 899 528 trepidaeque
924 444 992 508 sine
1016 444 1083 507 ulla

145 561 199 615 390
235 554 316 637 pelle
338 554 459 618 micant
481 571 598 626 venae3
623 552 771 616 salientia
793 552 916 615 viscera
938 550 1040 633 possis

235 662 267 724 et
289 661 488 743 perlucentes
511 677 681 734 numerare
703 658 737 720 in
760 660 886 739 pectore
909 657 1014 721 fibras.
1055 709 1057 712 Α

233 766 331 830 Illum
354 766 517 841 ruricolae,
541 765 693 828 silvarum
715 763 857 839 numina,
879 762 969 826 fauni

235 875 268 936 et
291 872 392 955 satyri
414 870 530 934 fratres
554 873 588 933 et
609 873 688 933 tuno
712 888 837 951 quoquc
861 887 954 933 carus
980 867 1136 951 Olympus
1235 869 1237 871 ’

235 981 269 1042 00
290 979 450 1061 nymphae
473 976 600 1053 flerunt,
624 979 657 1040 et
681 976 825 1057 quisquis
847 976 1010 1039 montibus
1032 975 1097 1038 illis

145 1092 198 1147 395
235 1084 458 1165 lanigerosque
482 1101 593 1164 greges
618 1084 824 1166 armentaque
848 1083 966 1146 bucera
987 1081 1084 1163 pavit.

233 1190 361 1254 Fertilis
383 1189 542 1254 inmaduit
563 1188 806 1269 madefactaque
826 1190 917 1252 terra
940 1187 1077 1251 caducas

235 1297 378 1379 concepit
400 1297 548 1361 lacrimas
573 1315 609 1360 ao
632 1296 721 1360 venis
744 1295 881 1378 perbibit
902 1294 993 1368 imis3

237 1421 316 1483 quas
339 1402 394 1466 nbi
416 1401 492 1466 fecit
515 1419 641 1482 aquam,
663 1419 780 1465 vacuas
806 1401 913 1464 emisit
933 1400 967 1462 in
991 1417 1095 1463 auras.

233 1507 313 1572 Inde
335 1509 447 1590 petens
470 1507 618 1590 rapidum
640 1507 717 1589 ripis
741 1506 914 1571 declivibus
939 1524 1057 1587 aequor

145 1623 199 1678 400
234 1615 366 1696 Marsya
388 1632 503 1678 nomen
525 1614 632 1690 hahet,
653 1612 812 1695 Phrygiae
835 1613 1067 1695 liquidissimus
1091 1611 1203 1675 amnis.

325 1720 454 1784 Talibus
479 1720 637 1801 extemplo
660 1719 744 1783 redit
767 1719 807 1782 ad
830 1719 1011 1802 praesentia
1033 1718 1126 1782 dictis

235 1828 350 1909 vulgus
374 1828 407 1890 et
430 1826 623 1890 exstinctum
646 1844 720 1890 cum
744 1825 841 1908 stirpe
864 1825 1044 1908 Amphiona
1067 1825 1165 1905 luget.

235 1934 340 1998 Mater
362 1933 396 1996 in
418 1933 537 1997 invidia
561 1935 618 1997 est.
663 1932 758 1996 Hane
780 1935 867 2023 tune
883 1950 1008 2013 qnoque
1033 1931 1149 1995 dicitur
1171 1949 1257 1993 unus
1310 2015 1312 2019 Ι

235 2039 328 2104 110000
351 2038 476 2122 Pelops,
498 2048 682 2120 umeroque,
706 2057 781 2102 0000
806 2057 825 2102 0
848 2040 974 2121 pectore
997 2039 1170 2120 postquam

145 2151 199 2208 405
237 2145 367 2209 deduxit
389 2147 504 2222 vestes,
528 2146 606 2209 ebur
629 2145 806 2209 ostendisse
830 2145 967 2208 sinistro.

237 2250 388 2316 Concolor
410 2252 463 2316 hie
485 2236 789 2332 umerus‘naecendi
811 2252 952 2333 ternpore
975 2250 1085 2315 dextro

237 2375 469 2440 corporeusque
492 2356 570 2420 fnit:
593 2357 742 2421 manibus
764 2375 837 2421 mox
861 2375 953 2421 caesa
975 2357 1116 2440 paternis

236 2463 381 2527 membra
404 2461 513 2526 ferunt
534 2463 673 2527 iunxisse
697 2463 789 2537 deos;
817 2463 950 2544 ahisque
972 2464 1116 2546 repertis,

238 2569 293 2649 qui
315 2569 404 2633 locus
428 2571 478 2633 est
499 2569 602 2650 iuguli
624 2569 748 2633 medius
773 2560 953 2650 summique
976 2570 1098 2646 lacerti,

147 2683 200 2737 410
238 2673 348 2738 defuit.
393 2674 586 2757 Impositum
610 2677 743 2739 estnon
767 2676 979 2757 comparentis
1001 2676 1035 2738 in
1057 2694 1154 2740 nsum

236 2781 339 2863 partis
363 2781 450 2857 ebur,
472 2779 619 2861 factoque
642 2779 757 2863 Pelops
780 2779 842 2844 fnit
863 2781 987 2862 integer
1008 2781 1072 2845 illo.

910 2978 962 3039 34.
987 2973 1112 3058 Propere
1135 2979 1164 3040 ct
1186 2974 1380 3044 Philomela.

325 3100 468 3163 Finitimi
490 3118 635 3182 proceres
659 3102 782 3177 oo‘e'unt,
806 3101 964 3182 urbesque
987 3101 1181 3184 propinquae

238 3223 367 3268 oravere
391 3223 465 3269 suos
487 3206 533 3269 ire
557 3205 599 3268 ad
623 3205 738 3270 solacia
760 3224 861 3287 reges,

236 3312 402 3392 Argosque
426 3312 459 3375 et
483 3309 596 3393 Sparte
619 3310 890 3394 Pelopeiadesque
913 3313 1066 3395 Mycenae
1120 3300 1124 3306 ’

146 3426 200 3480 415
238 3420 271 3482 00
293 3417 435 3481 nondum
458 3418 567 3481 torvae
591 3416 734 3499 Calydon
757 3418 860 3482 inrisa
881 3418 1003 3483 Dianae

239 3522 520 3605 Orchomenosque
543 3522 631 3587 ferax
655 3526 689 3588 et
709 3525 824 3589 nobilis
849 3543 920 3589 aere
944 3525 1116 3590 Corinthus

236 3631 448 3711 Messeneque
471 3630 558 3694 feror
580 3630 760 3712 Patraeque
782 3632 984 3712 humilesque
1008 3631 1143 3696 Cleonae

239 3739 272 3800 00
293 3737 394 3800 Nelea
416 3735 522 3819 Pylos,
543 3755 647 3818 neque
672 3738 776 3802 adhuc
798 3737 944 3801 Pittheia
967 3739 1113 3816 Troezen,

239 3861 384 3924 quaeque
408 3844 503 3907 urbes
527 3843 607 3907 aliae
630 3844 745 3908 bimari
768 3844 961 3908 clauduntur
985 3845 1024 3908 ab
1046 3844 1170 3909 Isthmo

147 3958 201 4013 420
239 3949 441 4030 exteriusque
465 3950 544 4013 sitae
567 3950 682 4023 bimari
706 3952 891 4033 spectantur
914 3950 954 4013 ab
975 3949 1108 4015 Isthmo.

239 4054 373 4120 Credere
398 4057 469 4137 quis
492 4058 622 4139 posset?
646 4057 731 4120 solae
756 4056 904 4120 cessastis
926 4055 1079 4120 Athenae.

239 4161 372 4226 Obstitit
395 4162 495 4226 officio
518 4162 648 4239 bellum,
672 4162 884 4243 subvectaque
907 4164 1003 4243 ponto

237 4268 374 4333 barbara
396 4268 763 4351 Mopsopiosterrebant
787 4267 914 4348 agmina
936 4287 1054 4332 muros.
