2858 4710
124 285 188 346 114
589 275 677 329 Pallae
695 277 723 328 et
741 273 868 328 Arachne.

120 444 172 499 100
209 437 404 520 amplectens
429 453 565 517 saxoque
588 434 695 500 iacens
718 434 884 499 lacrimare
907 433 1041 498 videtur.

209 542 331 608 Circuit
355 544 512 607 extremas
536 541 613 605 oleis
636 540 799 624 pacalibus
823 559 910 604 oras:

206 648 234 712 is
257 649 370 713 modus
395 649 455 724 est,
479 647 644 730 operisque
669 664 728 710 sua
750 645 828 710 facit
851 647 961 710 arbore
985 646 1090 710 finem.

299 754 444 819 Maeonis
468 754 591 818 elusam
615 752 762 834 designat
783 752 920 833 imagine
945 753 1030 816 tauri

207 861 388 944 Europam:
412 878 525 924 verum
547 860 688 935 taurum,
712 858 795 923 freta
817 877 892 923 vera
914 860 1053 941 putares.

121 974 173 1031 105
209 967 285 1051 Ipsa
307 966 476 1031 videbatur
498 968 601 1030 terras
626 966 769 1048 spectare
792 965 919 1029 relictas

208 1076 241 1138 et
265 1073 395 1138 comites
420 1073 557 1137 clamare
581 1089 656 1135 suas
679 1073 866 1152 tactumque
890 1072 992 1135 vereri

208 1179 385 1253 adsilientis
410 1195 511 1259 aquae
535 1177 728 1259 timidasque
752 1178 902 1241 reducere
926 1177 1062 1259 plantas.

207 1286 297 1350 Fecit
322 1288 354 1350 et
377 1285 523 1349 Asterien
547 1284 653 1366 aquila
675 1285 818 1349 luctante
842 1283 951 1359 teneri,
1053 1317 1055 1322 ·

207 1391 283 1456 fecit
307 1390 434 1455 olorinis
457 1390 578 1454 Ledam
600 1391 752 1454 recubare
777 1390 835 1454 sub
860 1390 935 1463 alis;

121 1506 173 1561 110
210 1497 341 1573 addidit,
365 1499 404 1560 ut
428 1496 529 1579 satyri
551 1497 673 1560 celatus
697 1496 835 1577 imagine
858 1496 1026 1579 pulchram

208 1603 353 1687 Iuppiter
377 1602 518 1686 implerit
541 1602 666 1684 gemino
690 1602 849 1684 Nycteida
871 1601 949 1678 fetu,

208 1710 423 1793 Amphitryon
445 1708 551 1785 fuerit,
575 1728 649 1773 oum
671 1711 713 1784 te,
736 1708 911 1790 Tirynthia,
935 1709 1026 1791 cepit,

210 1834 326 1880 aureus
349 1816 386 1879 ut
409 1815 551 1892 Danaen,
573 1815 712 1898 Asopida
735 1807 848 1879 luserit
870 1814 962 1896 ignis,

209 1922 442 2005 Mnemosynen
464 1924 583 2004 pastor,
605 1922 713 1985 varius
737 1921 860 1985 Deoida
883 1939 1022 2003 serpens.

123 2035 174 2091 115
210 2028 253 2092 Te
278 2011 403 2110 quoque
425 2030 589 2093 mutatum
612 2029 709 2105 torvo,
732 2027 890 2111 Neptune,
914 2027 1044 2092 iuvenco

208 2135 329 2216 virgine
351 2135 385 2197 in
408 2135 518 2199 Aeolia
539 2134 656 2218 posuit.
703 2134 751 2196 Tu
772 2134 861 2197 visus
886 2134 1026 2216 Enipeus

209 2241 312 2324 gignis
337 2239 477 2317 Aloidas,
501 2240 583 2304 aries
605 2238 764 2302 Bisaltida
787 2237 889 2312 fallis3

212 2349 299 2412 otte
322 2345 406 2410 flava
429 2363 536 2409 comas
559 2344 689 2427 frugum
711 2344 883 2409 mitissima
905 2347 1009 2409 mater

210 2452 310 2518 sensit
334 2470 461 2533 equum,
486 2451 586 2516 sensit
608 2452 769 2516 volucrem
792 2451 906 2516 crinita
929 2452 1067 2516 colubris

123 2568 176 2622 120
211 2560 317 2623 mater
340 2558 415 2640 oqui
438 2558 583 2635 volucris,
608 2558 708 2622 sensit
730 2558 879 2641 delphina
901 2558 1075 2623 Melantho.

212 2664 368 2731 Omnibus
393 2664 443 2728 his
466 2663 643 2745 faciemque
667 2683 760 2729 suam
782 2663 958 2745 faciemque
981 2665 1123 2728 locorum

212 2770 358 2836 reddidit.
403 2772 464 2835 Est
485 2771 551 2835 illio
574 2771 710 2853 agrestis
732 2770 870 2852 imagine
893 2769 1050 2848 Phoebus,

212 2879 313 2959 utque
336 2876 430 2941 modo
454 2876 613 2960 accipitris
636 2895 767 2960 pennas,
789 2877 883 2941 modo
906 2879 997 2958 terga
1020 2877 1118 2941 leonis

213 2984 349 3066 gesserit
380 2986 419 3048 ut
441 2986 552 3067 pastor
573 2985 757 3048 MacareIda
779 2984 893 3048 luserit
913 2983 1021 3057 Issen;

126 3099 178 3155 115
214 3090 309 3154 Liber
330 3092 369 3154 ut
391 3090 550 3171 Erigonen
573 3089 655 3154 falsa
678 3090 837 3173 deceperit
859 3107 931 3165 uva,

212 3197 251 3260 ut
275 3195 446 3260 Satumue-
460 3213 541 3276 equo
565 3195 728 3276 geminum
751 3194 889 3260 Chirona
912 3195 1035 3259 crearit.

213 3301 338 3368 Ultima
352 3306 435 3383 wpars
459 3301 551 3377 telae,
574 3301 665 3365 tenui
688 3300 883 3365 circumdata
906 3301 1013 3379 limbo,

213 3408 370 3473 nexilibus
393 3406 487 3491 flores
510 3407 636 3471 hederis
659 3407 757 3471 habet
779 3407 975 3472 intertextos.

212 3514 286 3578 Non
308 3513 388 3577 illud
411 3512 527 3591 Pallas,
550 3532 614 3577 non
634 3511 717 3576 illud
740 3531 868 3596 carpere
891 3512 986 3584 Livor

124 3629 178 3685 130
213 3621 314 3705 possit
338 3638 427 3703 opus.
471 3619 582 3684 Doluit
606 3637 756 3684 successu
779 3619 863 3684 flava
886 3620 994 3701 virago

100 3710 103 3716 Δ
213 3730 246 3792 51
268 3726 356 3810 rupit
378 3725 489 3809 pictae,
513 3726 662 3790 caelestia
685 3726 827 3802 crimina,
851 3727 965 3790 vestes.

213 3833 322 3915 thue
346 3830 513 3916 Cytoriaco
536 3831 663 3896 radium
686 3831 724 3896 de
747 3833 855 3895 monte
878 3831 1018 3906 tenebat,

213 3941 264 4004 tor
288 3941 401 4021 quater
423 3938 586 4002 Idmoniae
610 3938 750 4002 frontem
771 3937 930 4021 percussit
952 3937 1123 4002 Arachnes.

213 4045 286 4110 Non
309 4045 385 4109 tulit
407 4043 515 4108 infelix
537 4046 714 4126 laqueoque
738 4044 881 4108 animosa
902 4043 1015 4125 ligavit

127 4159 179 4216 135
217 4153 358 4235 guttura.
403 4149 601 4216 Pendentem
623 4150 731 4214 Pallas
754 4150 906 4215 miserata
928 4150 1046 4214 levavit

216 4260 313 4340 atque
336 4257 383 4321 ita
403 4245 486 4321 ‘vive
511 4257 649 4339 quidem,
663 4256 778 4340 pende
798 4258 916 4333 tamen,
939 4243 1096 4340 improba'
1123 4256 1217 4321 dixit:
