2858 4710
133 267 197 324 220
524 257 613 312 Venus
632 258 661 310 et
678 255 785 310 Adonis.
822 255 957 310 Atalanta.

221 419 298 500 vivit
322 421 355 483 55
377 419 552 482 instantem
575 417 704 481 turbam
726 417 865 482 violenta
887 436 1054 501 procorum

221 525 399 590 condicione
423 524 523 606 fugat,
546 543 605 588 nec
628 542 733 601 ,‚‚sum
755 523 918 607 potiunda,
940 524 1034 587 nisi“‘
1057 523 1161 606 inquit

131 640 184 695 570
221 633 337 710 ,51555
359 632 447 715 prius
472 649 576 696 cursu.
620 630 759 694 Pedibus
783 630 963 695 contendite
986 649 1126 695 mecum:

222 740 364 822 praemia
386 738 485 802 veloci
509 737 645 802 coniunx
668 737 865 818 thalamique
890 737 1059 814 dabuntur,

219 864 304 909 mors
328 845 467 928 pretium
489 844 599 908 tardis.
643 843 691 907 Da
713 844 765 907 lex
788 844 969 908 certaminis
993 846 1097 908 esto.“‘

218 951 281 1015 Dla
304 951 432 1033 quidem
454 951 593 1014 inmitis:
619 950 674 1014 sed
698 951 802 1033 (tanta
824 951 967 1033 potentia
989 950 1109 1014 formae
1133 951 1194 1032 est)

220 1058 308 1122 venit
332 1057 372 1121 ad
393 1058 476 1122 hanc
499 1058 604 1139 legem
628 1057 799 1121 temeraria
821 1058 917 1121 turba
939 1076 1114 1139 procorum.

134 1170 187 1225 575
319 1163 452 1228 Sederat
473 1163 688 1247 Hippomenes
712 1182 824 1228 cursus
849 1165 1008 1246 spectator
1030 1163 1131 1244 iniqui

220 1272 255 1335 et
278 1319 303 1348 ‚‚,
311 1271 431 1353 petitur
454 1271 603 1351 cuiquam
626 1289 683 1354 per
705 1272 797 1334 tanta
819 1271 960 1352 pericula
984 1271 1171 1335 5551511151ιιι

222 1376 344 1441 dixerat
367 1396 404 1442 55
426 1378 540 1441 nimios
563 1378 716 1442 iuvenum
739 1377 908 1442 damnarat
931 1396 1063 1441 amores.

219 1484 266 1548 Ut
288 1483 403 1548 faciem
427 1485 459 1548 55
481 1485 584 1567 posito
608 1503 720 1567 corpus
743 1484 899 1549 velamine
923 1484 1010 1561 vidit,

221 1591 314 1671 quale
337 1609 454 1667 meum,
476 1592 527 1656 551
552 1592 645 1672 quale
669 1592 771 1667 tuum,
794 1591 821 1654 si
843 1590 962 1654 femina
983 1590 1051 1667 fias,

130 1703 183 1759 580
220 1697 383 1779 obstipuit,
406 1697 585 1778 tollensque
608 1715 722 1761 manus
746 1697 974 1778 ,„ignoscitc“‘‚
998 1697 1076 1760 dixit

219 1821 332 1884 „‚quos
355 1803 448 1868 modo
472 1804 606 1886 culpavi.
651 1802 802 1867 Nondum
824 1803 904 1867 mihi
926 1804 1068 1886 praemia
1090 1805 1175 1883 nota,

224 1929 305 1991 quae
328 1910 488 1993 peteretis,
512 1912 638 1974 erant.“‘
683 1909 857 1978 Laudando
882 1910 1017 1993 concipit
1040 1910 1129 1992 ignes

219 2019 260 2094 et,
283 2035 323 2080 ne
348 2017 418 2099 quis
440 2017 593 2081 iuvenum
616 2018 724 2081 currat
746 2016 895 2093 velocius,
918 2018 1007 2099 optat

218 2123 399 2205 invidiaque
422 2124 524 2188 timet.
571 2171 598 2200 ,,,
609 2122 671 2187 Sed
694 2142 750 2187 our
774 2123 956 2187 certaminis
979 2124 1074 2188 huius

129 2236 182 2291 585
218 2230 411 2313 intemptata
433 2231 512 2294 mihi
534 2229 663 2294 fortuna
685 2230 933 2311 relinquitur?“‘
955 2230 1061 2312 inquit

218 2336 405 2415 ,„audentes
429 2338 507 2402 deus
532 2338 599 2421 ipse
622 2337 746 2402 iuvat.“‘
793 2336 879 2400 Dum
903 2337 981 2400 talia
1005 2355 1113 2402 secum

220 2443 316 2524 erigit
337 2443 562 2526 Hippomenes,
585 2461 683 2524 passu
705 2444 792 2506 55155
815 2443 891 2506 51155
913 2443 1010 2524 virgo.

222 2547 311 2628 Quae
336 2567 531 2630 quamquam
556 2548 705 2630 Scythica
727 2568 791 2613 non
814 2549 913 2614 setius
936 2549 982 2613 ire
1006 2550 1104 2640 sagitt

218 2655 318 2719 Aonio
342 2656 410 2719 visa
434 2658 483 2719 est
505 2656 620 2733 iuveni,
643 2658 753 2720 tamen
775 2656 828 2720 ille
851 2656 996 2721 decorem

129 2769 182 2824 590
217 2762 356 2825 miratur
377 2762 495 2844 magis;
520 2764 552 2827 55
575 2782 686 2827 cursus
709 2762 786 2827 facit
808 2763 875 2845 ipse
900 2762 1052 2828 decorem.

217 2871 305 2933 Aura
327 2868 424 2934 refert
447 2871 555 2934 ablata
578 2870 648 2934 citis
671 2871 785 2934 talaria
807 2870 935 2952 plantis,

220 2978 374 3058 tergaque
397 2977 558 3041 iactantur
582 2978 683 3041 crines
706 2996 762 3059 per
786 2978 932 3054 eburnea,
957 2995 1102 3058 quaeque

107 3138 108 3141 ,
219 3085 390 3166 poplitibus
417 3085 569 3148 suberant
591 3084 674 3166 picto
699 3084 846 3165 genualia
868 3084 985 3148 limbo:

217 3190 313 3271 inque
336 3190 471 3272 puellari
495 3208 607 3273 corpus
632 3189 765 3254 candore
788 3191 936 3254 ruborem

129 3303 184 3359 595
221 3298 372 3374 traxerat,
394 3296 481 3360 haud
505 3297 606 3374 aliter,
630 3314 728 3377 quam
751 3316 824 3361 oum
848 3315 943 3379 super
967 3297 1048 3360 atria
1070 3298 1177 3361 velum

220 3402 353 3467 candida
375 3422 572 3486 purpureum
596 3403 763 3467 simulatas
786 3402 887 3467 inficit
910 3404 1048 3468 umbras.

217 3509 304 3573 Dum
326 3511 417 3573 notat
439 3510 518 3574 haec
541 3510 664 3592 hospes,
688 3509 824 3574 decursa
847 3510 1019 3575 novissima
1040 3512 1128 3575 meta
1151 3512 1200 3574 est

219 3617 250 3679 et
272 3616 393 3698 tegitur
415 3615 498 3681 festa
520 3617 634 3681 victrix
656 3617 809 3681 Atalanta
834 3635 955 3681 corona.

217 3722 304 3787 Dant
328 3723 482 3804 gemitum
504 3723 581 3787 51551
603 3722 809 3806 penduntque
833 3744 870 3788 ex
892 3722 1017 3787 foedere
1040 3741 1167 3806 poenas

130 3837 182 3892 600
306 3829 378 3893 Non
401 3831 510 3894 tamen
534 3831 649 3895 eventu
671 3830 793 3895 iuvenis
818 3830 988 3895 deterritus
1011 3831 1126 3895 horum

217 3937 360 4002 constitit
381 3937 415 4000 in
437 3937 550 4015 medio,
572 3938 727 4018 vultuque
750 3938 784 3999 in
806 3937 925 4018 virgine
948 3937 1008 4001 fixo

218 4044 328 4126 ‚‚,quid
351 4043 478 4108 facilem
501 4044 634 4108 titulum
658 4043 834 4127 superando
859 4045 984 4124 quaeris
1007 4044 1149 4109 inertes?

217 4150 523 4216 1115551515551551666
548 4151 601 4215 515.
647 4149 744 4227 „,Seu
766 4169 817 4215 me
841 4149 970 4215 fortuna
992 4152 1155 4234 potentem

210 4257 333 4335 fecerit,
358 4276 377 4320 a
400 4259 490 4321 tanto
512 4276 576 4321 non
598 4256 801 4339 indignabere
825 4257 922 4332 vinoi;
