2858 4710
157 285 220 344 208
571 273 739 344 Ganymedes.
776 274 949 343 Hyacinthus.

249 439 281 501 et
303 436 396 501 modo
421 437 475 519 qui
497 437 590 501 nivea
612 436 793 518 pendebant
816 435 919 500 fronte
944 437 1057 519 capilli,

90 618 99 629 ,
246 543 373 608 horrida
397 544 551 608 caesaries
574 543 642 607 fieri
666 545 855 624 sumptoque
879 543 981 624 rigore

157 660 211 715 140
248 651 406 715 sidereum
429 650 538 732 gracili
562 651 703 732 spectare
728 650 891 714 cacumine
915 649 1047 714 caelum.

245 757 410 838 Ingemuit
432 756 596 837 tristisque
621 756 697 819 deus
718 743 886 836 ‘lugebere
909 756 999 819 nobis

245 863 431 945 lugebisque
456 863 533 926 ahos
557 862 721 942 aderisque
747 857 937 925 dolentibus’
965 862 1078 942 inquit.

849 1144 898 1207 58.
926 1142 1132 1225 Ganymedeo.
1167 1143 1383 1228 Hyacinthus.

339 1288 415 1353 Tale
439 1307 554 1352 nemus
577 1289 667 1351 uates
714 1288 896 1362 attraxerat,
919 1286 1015 1367 inque
1038 1285 1178 1350 ferarum

252 1395 382 1459 concilio
404 1395 529 1458 medius
552 1395 647 1458 turba
670 1394 897 1474 volucrumque
922 1393 1060 1456 sedebat.

163 1509 215 1563 145
252 1501 299 1566 Ut
323 1501 400 1564 satis
424 1501 578 1585 impulsas
602 1500 771 1582 temptavit
793 1500 904 1580 pollice
928 1499 1060 1563 chordas

251 1608 284 1671 et
307 1606 407 1671 sensit
430 1607 542 1684 varios,
567 1607 711 1687 quamvis
736 1606 860 1669 diversa
883 1606 1040 1682 sonarent,

253 1713 440 1777 concordare
463 1712 582 1788 moder,
607 1711 668 1775 hoc
690 1730 799 1775 vocem
823 1711 961 1775 carmine
984 1711 1101 1775 movit:

340 1807 408 1883 ‘Ab
423 1819 507 1896 Iove,
529 1819 624 1882 Musa
647 1836 761 1900 parens
786 1853 828 1863 —
852 1818 969 1881 cedunt
990 1817 1074 1882 Iovis
1099 1818 1204 1882 omnia
1225 1838 1321 1902 regno
1337 1855 1383 1867 -

251 1926 392 1990 carmina
414 1928 524 1990 nostra
546 1925 654 1990 moue!
677 1924 761 1988 Iovis
785 1926 834 1989 est
856 1925 936 1987 mihi
959 1943 1051 2007 saepe
1074 1927 1216 2007 potestas

164 2042 216 2096 150
254 2033 338 2097 dicta
360 2033 466 2116 prius:
491 2032 589 2096 cecini
611 2033 730 2114 plectro
755 2031 896 2112 graviore
922 2031 1076 2112 Gigantas

253 2157 425 2222 sparsaque
448 2138 632 2220 Phlegraeis
656 2137 797 2202 victricia
819 2137 954 2201 fulmina
978 2138 1115 2220 campis:

255 2265 339 2310 nunc
364 2264 441 2328 opus
467 2246 516 2308 est
538 2244 653 2308 leviore
676 2245 756 2327 lyra,
777 2262 957 2326 puerosque
982 2262 1133 2309 canamus

256 2353 386 2417 dilectos
411 2352 542 2435 superis,
565 2351 817 2430 inconcessisque
841 2351 962 2432 puellas

256 2460 383 2541 ignibus
408 2457 559 2522 attonitas
582 2458 737 2520 meruisse
760 2456 887 2520 libidine
911 2475 1053 2538 poenam.

167 2571 218 2626 155
343 2564 411 2628 Rex
435 2581 584 2645 superum
606 2562 738 2644 Phrygii
762 2562 922 2642 quondam
946 2562 1138 2645 Ganymedis
1163 2583 1272 2630 amore

260 2670 347 2748 arsit,
371 2671 404 2734 et
425 2669 591 2732 inventum
615 2669 664 2732 est
687 2667 816 2749 ahquid,
840 2668 924 2749 quod
945 2668 1090 2752 Iuppiter
1113 2688 1191 2748 esse,

262 2795 358 2859 quam
383 2775 465 2858 quod
489 2776 567 2852 erat,
589 2775 708 2838 mallet.
754 2774 853 2838 Nulla
876 2777 984 2839 tamen
1008 2776 1083 2840 alite
1107 2776 1189 2840 verti

255 2885 413 2966 dignatur,
435 2882 498 2946 nisi
523 2900 603 2962 quae
625 2883 735 2964 posset
759 2899 817 2944 sua
839 2881 973 2945 fulmina
996 2881 1086 2946 ferre.

257 2991 445 3077 Necmora,
459 3007 617 3071 -percusso
641 2988 846 3053 mendacibus
871 2992 942 3052 aere
965 2989 1076 3071 pennis

168 3107 222 3161 160
259 3097 374 3180 abripit
395 3096 536 3168 iliadem
561 3096 617 3176 qui
638 3114 723 3159 nunc
748 3113 872 3176 quoque
895 3097 1009 3177 pocula
1030 3096 1144 3167 miscet

257 3204 418 3285 invitaque
441 3203 509 3266 Ioui
531 3204 642 3266 nectar
663 3201 786 3266 Iunone
808 3202 979 3265 ministrat.

345 3310 388 3373 Te
413 3327 546 3390 quoque,
568 3308 743 3390 Amychde,
765 3309 925 3392 posuisset
946 3309 979 3370 in
1004 3308 1130 3373 aethere
1154 3307 1316 3388 Phoebus,

256 3415 361 3479 tristia
385 3414 412 3478 si
436 3415 575 3498 spatium
597 3415 734 3497 ponendi
757 3413 824 3479 fata
848 3415 1017 3479 dedissent.

261 3521 332 3602 Qua
354 3522 438 3599 licet,
463 3523 611 3586 aeternus
634 3523 743 3585 tamen
767 3540 818 3585 es:
844 3521 1053 3602 quotiensque
1076 3522 1202 3605 repellit

171 3636 224 3692 165
260 3647 316 3693 ver
338 3628 476 3692 hiemem
498 3628 639 3710 piscique
663 3628 744 3692 aries
769 3628 909 3693 succedit
932 3646 1059 3708 aquoso,

260 3738 296 3799 tu
320 3734 437 3798 totiens
461 3734 559 3799 oreris
582 3733 736 3815 uiridique
759 3734 793 3798 in
816 3734 954 3817 caespite
977 3732 1079 3798 fiores

259 3843 303 3906 Te
326 3860 416 3906 meus
440 3842 514 3906 ente
538 3859 645 3905 omnes
670 3841 793 3921 genitor
816 3841 932 3916 dilexit,
956 3842 988 3904 et
1012 3841 1085 3904 orbe

261 3949 295 4012 in
317 3948 421 4013 medio
444 3948 539 4031 positi
562 3951 734 4013 caruerunt
754 3948 898 4032 praeside
921 3947 1047 4031 Delphi,

261 4055 337 4118 dum
363 4055 441 4120 deus
463 4056 607 4120 Eurotan
629 4055 884 4136 inmunitamque
907 4053 1091 4137 frequentat

172 4171 229 4226 170
266 4161 410 4244 Sparten.
455 4162 523 4227 Nec
546 4162 685 4226 citharae
708 4181 767 4226 nec
791 4163 866 4226 sunt
888 4162 921 4225 in
943 4162 1060 4226 honore
1085 4160 1241 4242 sagittae:

249 4269 415 4333 inmemor
434 4268 504 4352 ipse
528 4269 579 4334 sui
601 4288 664 4333 non
687 4269 768 4333 retia
790 4268 871 4333 ferre
894 4269 1030 4346 recusat,
