2858 4710
193 282 257 340 140
511 250 513 254 ’
757 275 852 330 rena.

281 452 385 517 passa,
408 434 511 517 replet
534 434 627 499 sucis.
674 433 761 513 Quos
783 438 955 518 postquam
978 438 1129 503 combibit
1151 441 1264 505 Aeson

280 543 337 605 aut
360 560 413 605 ore
437 543 582 623 acceptos
606 542 824 618 0000010000,
847 543 946 606 barba
969 561 1141 625 comaeque

279 648 393 712 canitie
416 648 521 730 posita
542 648 671 727 nigrum
694 665 827 730 rapuere
851 648 997 725 colorem,

184 761 243 817 030
278 755 372 837 pulsa
394 753 478 834 fugit
500 754 627 830 macies,
651 754 770 818 abeunt
792 754 956 836 pallorque
980 755 1134 837 situsque,

279 859 464 941 adiectoque
488 877 583 924 cavae
607 859 797 942 supplentur
820 879 947 943 corpore
971 879 1079 943 rugae,

278 966 487 1046 membraque
510 965 682 1030 luxuriant.
727 967 832 1030 Aeson
854 967 991 1030 miratur
1015 970 1047 1031 et
1060 968 1146 1033 olim

279 1073 352 1136 ante
377 1073 492 1152 quater
515 1071 611 1136 denos
634 1073 720 1137 huno
742 1091 776 1137 se
800 1073 1015 1138 reminiscitur
1038 1092 1146 1139 annos.

367 1178 502 1243 Viderat
525 1197 562 1243 00
586 1179 650 1243 alto
674 1180 759 1243 tanti
780 1179 935 1244 miracula
957 1181 1094 1245 monstri
1165 1177 1169 1184 ’

189 1292 242 1349 295
276 1285 380 1363 Liber,
404 1287 436 1350 00
460 1286 640 1350 admonitus
664 1286 794 1350 iuvenes
816 1287 994 1350 nutricibus
1018 1305 1119 1351 annos

277 1410 370 1474 posse
395 1392 461 1456 suis
485 1392 582 1469 reddi,
606 1393 691 1473 capit
713 1393 772 1456 hoo
796 1411 815 1456 a
838 1391 986 1458 Colchide
1010 1412 1137 1458 munus.

1215 1591 1269 1654 38.
1292 1590 1413 1658 Peliae.

366 1710 454 1774 Neve
477 1710 541 1773 doli
564 1712 698 1785 cessent,
721 1709 829 1774 odium
853 1729 926 1775 eum
950 1712 1082 1794 coniuge
1105 1711 1225 1778 falsum

275 1816 410 1880 Phasias
435 1816 609 1880 adsimulat
630 1816 801 1898 Peliaeque
826 1816 865 1881 ad
888 1817 999 1882 limina
1022 1819 1154 1901 supplex

277 1923 426 2005 confugit.
471 1924 578 2004 Atque
600 1923 699 2000 illam,
723 1924 874 2005 quoniam
897 1924 1002 2005 gravis
1025 1925 1093 2007 ipse
1117 1930 1246 1992 senecta
1269 1931 1327 2008 est,

186 2037 240 2093 300
276 2030 438 2112 excipiunt
459 2031 564 2094 natae.
610 2029 697 2110 Quas
721 2032 863 2113 tempore
887 2030 1001 2094 callida
1024 2049 1121 2113 parvo

276 2135 402 2202 Colchis
427 2137 583 2201 amicitiae
606 2137 769 2201 mendacis
792 2136 929 2218 imagine
953 2137 1045 2220 oepit.

273 2242 423 2324 Dumque
446 2243 544 2307 refert
566 2243 650 2306 inter
672 2242 859 2307 meritorum
881 2242 1029 2320 maxima,
1052 2243 1198 2327 demptos

274 2350 407 2414 Aesonis
431 2367 500 2414 esse
524 2349 615 2426 situs,
638 2351 734 2429 atque
757 2348 818 2413 hac
839 2348 873 2411 in
896 2351 986 2431 parte
1009 2351 1162 2429 moratur,

275 2473 347 2538 spes
371 2458 422 2520 est
444 2455 619 2536 virginibus
641 2454 731 2519 Pelia
754 2455 898 2519 subiecta
921 2456 1036 2520 creatis

184 2568 237 2624 305
274 2563 341 2625 arte
366 2580 462 2626 suum
484 2562 576 2644 parili
598 2561 787 2626 revirescere
811 2579 902 2644 posse
925 2564 1100 2644 parentem.
1237 2604 1239 2608 ι

272 2667 373 2748 quue
396 2670 520 2749 petunt,
542 2668 744 2750 pretiumque
767 2667 878 2731 iubent
901 2668 968 2732 sine
990 2667 1052 2733 fine
1075 2667 1202 2751 pacisci.
1226 2670 1234 2681 '

271 2773 333 2838 Illa
355 2774 443 2839 brevi
466 2775 569 2858 spatio
594 2774 667 2839 silet
690 2777 723 2839 et
746 2775 891 2839 dubitare
914 2775 1042 2839 videtur

272 2880 502 2963 suspenditque
526 2881 648 2946 animos
671 2881 747 2945 fieta
770 2880 928 2963 gravitate
951 2883 1111 2963 rogantes.

272 2987 345 3052 Mox
368 2988 423 3052 ubi
445 2989 587 3072 pollicita
610 2989 669 3065 000,
689 2976 766 3069 ‘quo
790 2988 833 3051 sit
854 2986 970 3051 fiducia
992 2988 1094 3052 maior

181 3101 236 3156 310
271 3095 413 3160 muneris
436 3083 559 3173 huius',
582 3095 628 3159 ait
647 3082 717 3175 ‘qui
739 3096 863 3158 vestras
886 3095 1045 3158 maximus
1069 3112 1145 3159 aevo
1168 3097 1219 3159 est

272 3199 335 3264 dux
358 3201 462 3283 gregis
485 3202 570 3265 inter
593 3219 675 3277 orae,
699 3219 800 3281 agnus
823 3201 1032 3265 medicamine
1055 3187 1128 3265 fiet?

359 3306 510 3371 Protinus
533 3306 708 3370 innumeris
733 3306 846 3372 effetus
869 3307 992 3390 laniger
1016 3308 1108 3372 annis

271 3414 444 3477 attrahitur
466 3412 547 3478 flexo
571 3413 691 3478 circum
715 3431 793 3478 cava
815 3416 960 3496 tempora
983 3432 1089 3478 cornu.

149 3583 152 3589 .
222 3530 224 3535 '
269 3518 368 3585 Cuius
393 3521 431 3583 ut
454 3519 630 3584 Haemonio
653 3521 830 3585 marcentia
853 3522 986 3602 guttura
1009 3519 1112 3584 cultro

180 3635 233 3690 315
269 3625 349 3691 fodit
372 3629 405 3691 et
428 3627 539 3708 exiguo
562 3627 736 3691 maculavit
760 3627 913 3709 sangnine
936 3624 1066 3704 ferrum,

268 3734 412 3797 membra
436 3734 534 3797 simul
556 3734 687 3817 pecudis
710 3733 895 3814 validosque
918 3731 1059 3797 venefica
1082 3750 1174 3796 sucos

267 3840 384 3922 mergit
405 3840 439 3904 in
463 3858 534 3904 aere
558 3858 650 3904 cavo:
673 3840 824 3904 minuunt
848 3858 887 3903 en
910 3838 1047 3920 corporis
1071 3840 1161 3903 artus

268 3966 448 4030 cornuaque
473 3950 610 4013 exurunt
632 3966 691 4013 neo
713 3965 777 4011 000
800 3965 874 4011 cum
897 3945 1044 4011 cornibus
1068 3963 1176 4022 annos,

268 4057 301 4120 et
323 4058 414 4120 tener
437 4054 567 4119 auditur
588 4054 694 4118 medio
717 4053 845 4118 balatus
869 4055 957 4116 aeno.

177 4170 231 4226 320
267 4162 334 4227 Nec
356 4180 454 4239 mora,
477 4162 622 4225 balatum
644 4159 838 4225 mirantibus
863 4156 968 4223 exsilit
990 4175 1092 4240 agnus

266 4269 454 4351 lascivitque
477 4266 554 4350 luga
576 4266 795 4347 lactantiaque
819 4265 917 4329 ubera
941 4265 1076 4345 quaerit.
