2858 4710
496 271 552 326 rra.
570 270 629 340 vn,
647 288 671 325 v.
690 270 840 326 roo-cra.
1212 273 1274 333 147

149 432 262 515 Strage
285 452 400 498 canum
421 432 524 516 primo
546 432 774 513 volucrumque
798 430 967 511 otiumque
989 430 1159 510 boumque,
1267 495 1270 501 ,

146 540 243 622 inque
265 539 343 609 ieris>
364 539 462 604 subiti
484 539 638 622 deprensa
660 537 802 621 potentia
824 536 950 609 morbi„

147 645 317 712 Concidere
339 643 448 711 infelix
468 644 590 710 validos
612 644 749 710 miratur
772 645 878 731 arator

146 753 232 818 inter
254 771 332 836 opus
355 754 464 817 tauros
486 750 652 833 medioque
675 751 857 816 recumbere
881 750 986 824 sulco;

54 866 110 921 540
146 858 296 941 lanigeris
320 859 466 941 gregibus
489 859 616 924 balatus
640 858 788 923 dantibus
812 875 923 939 aegros
1016 870 1018 878 “

147 968 259 1048 sponte
283 983 341 1030 sua
363 966 517 1047 lanaeque
541 965 659 1030 cadunt
682 967 715 1030 et
738 982 867 1048 corpora
889 964 1009 1029 tabent.

146 1074 228 1137 Acer
250 1069 351 1154 equus
375 1072 535 1154 quondam
556 1090 754 1153 magnaeque
777 1071 811 1134 in
832 1070 962 1154 pulvere
984 1058 1087 1134 famae
1222 1121 1224 1124 Α

148 1177 320 1260 degenerat
341 1179 472 1262 palmas,
495 1180 702 1259 veterumque
726 1178 842 1243 oblitus
864 1176 1019 1241 honorum

148 1285 189 1349 ad
210 1303 361 1368 praesepe
385 1285 485 1367 gemit
507 1285 571 1349 leto
593 1285 768 1349 moriturus
790 1283 894 1348 inerti.

55 1399 109 1454 545
146 1391 219 1456 Non
242 1410 318 1474 aper
339 1392 432 1456 irasci
454 1391 609 1470 meminit,
630 1409 694 1456 non
716 1391 812 1457 fidere
836 1409 933 1456 cursu

149 1516 249 1576 cerva,
271 1517 331 1563 nec
354 1498 507 1563 armentis
530 1498 690 1563 incurrere
713 1497 848 1563 fortibus
870 1496 947 1561 ursi.

150 1603 264 1670 Omnia
288 1605 422 1686 languor
443 1605 557 1679 habet;
581 1605 731 1686 silvisque
755 1604 903 1686 agrisque
926 1602 1047 1684 viisque

149 1729 279 1795 corpora
299 1710 391 1776 foeda
414 1711 526 1789 iacent,
549 1711 702 1775 vitiantur
725 1710 871 1775 odoribus
895 1726 1000 1774 aurae.

145 1818 229 1900 Mira
251 1818 379 1900 loquar:
402 1836 466 1883 non
487 1817 543 1882 illa
567 1835 660 1882 canes
684 1817 856 1898 avidaeque
879 1816 1031 1894 volucres,

56 1932 110 1989 550
146 1943 210 1989 non
234 1924 305 1989 cani
326 1924 460 2006 tetigere
482 1923 566 2007 lupi;
591 1924 713 2006 dilapsa
735 1923 915 2004 liquescunt

115 2087 119 2096 .
148 2030 332 2113 adflatuque
355 2032 478 2095 nocent
494 2031 526 2095 et
550 2031 650 2111 agunt
672 2029 818 2111 contagia
840 2029 914 2093 late.

235 2137 385 2203 Pervenit
407 2138 447 2202 ad
469 2136 600 2202 miseros
624 2136 739 2201 damno
763 2135 904 2218 graviore
928 2135 1053 2200 colonos

146 2244 246 2329 pestis
269 2245 358 2310 etin
380 2261 514 2325 magnae
538 2243 719 2308 dominatur
740 2242 907 2308 moenibus
930 2241 1027 2306 urbis.

148 2350 282 2415 Viscera
304 2352 468 2416 torrentur
489 2351 600 2433 primo,
623 2349 834 2432 flammaeque
857 2349 988 2414 latentis

59 2463 109 2518 555
146 2455 298 2522 indicium
320 2458 416 2521 rubor
439 2457 544 2521 55555
567 2457 682 2522 ductus
706 2457 865 2521 anhelitus
889 2456 1009 2538 ingens.

146 2565 267 2647 Aspera
290 2563 400 2645 lingua
422 2564 535 2641 tumet,
558 2563 736 2646 tepidisque
760 2563 882 2628 arentia
904 2562 1007 2627 uentis

147 2687 202 2734 ora
223 2671 344 2756 patent,
367 2688 525 2751 auraeque
549 2688 661 2752 graves
684 2670 855 2752 captantur
876 2669 976 2733 hiatu.

146 2775 218 2840 Non
242 2777 389 2855 suatum,
410 2795 474 2840 nou
496 2777 564 2841 ulla
585 2777 653 2859 pati
675 2776 834 2840 velamina
856 2778 999 2859 possunt,

146 2882 232 2946 nuda
255 2882 311 2947 sed
333 2883 367 2946 in
389 2888 475 2947 terra
497 2884 620 2966 ponunt
641 2882 841 2965 praecordia;
864 2900 923 2946 nec
945 2882 983 2944 fit

62 2994 111 3055 500
147 3007 259 3072 corpus
281 2989 378 3053 humo
402 2988 551 3071 gelidum,
574 2988 630 3052 sed
652 2987 770 3052 humus
794 2987 832 3052 de
856 3005 984 3069 corpore
1007 2986 1119 3059 fervet.

145 3094 213 3159 Nec
235 3094 417 3160 moderator
442 3094 541 3172 adest,
563 3094 660 3176 inque
682 3094 768 3178 ipsos
792 3112 886 3159 saevo
908 3094 1072 3159 medentes

147 3201 285 3285 erumpit
307 3201 422 3282 clades,
446 3202 625 3283 obsuntque
650 3201 831 3266 auctoribus
855 3203 957 3266 artes:

146 3325 206 3389 quo
228 3308 354 3391 propior
377 3307 514 3390 quisque
535 3309 585 3372 555
609 3307 770 3390 servitque
792 3307 917 3373 fidelius
941 3326 1042 3390 aegro,
1124 3374 1125 3377 ,

144 3412 177 3477 in
199 3415 324 3497 partem
346 3414 402 3479 leti
426 3414 520 3478 citius
542 3414 638 3492 venit.
683 3414 792 3496 thue
815 3415 929 3480 salutis

64 3523 111 3581 505
146 3539 217 3604 spes
241 3521 319 3585 abiit
340 3520 498 3602 finemque
521 3520 631 3585 vident
652 3521 686 3584 in
708 3520 819 3587 funere
842 3521 953 3599 morbi,

149 3626 316 3709 indulgent
339 3627 453 3692 animis
477 3629 510 3692 et
531 3628 629 3705 nulla,
654 3626 730 3709 quid
752 3628 841 3706 utile,
864 3647 940 3694 cura
964 3630 1029 3692 est:

148 3733 225 3798 utile
249 3734 334 3798 enim
356 3734 436 3798 nihil
459 3736 517 3799 est.
561 3732 688 3798 Passim
710 3733 878 3816 positoque
900 3734 1020 3817 pudore

42 3912 45 3920 Ι
147 3839 286 3906 fontibus
310 3843 342 3905 55
364 3840 469 3905 fluviis
491 3840 660 3923 puteisque
684 3840 850 3922 capacibus
872 3840 1015 3917 haerent,

146 3966 204 4013 nec
227 3946 297 4012 sitis
321 3948 371 4012 est
394 3947 549 4012 exstincto
570 3947 659 4030 prius
683 3963 780 4028 quam
803 3947 869 4010 vita
893 3946 1034 4012 bibendo.
1172 3955 1185 3974 “

68 4055 114 4114 510
146 4053 223 4119 Inde
247 4071 360 4136 graves
382 4054 478 4119 multi
500 4054 663 4136 nequeunt
686 4071 874 4136 consurgere
898 4055 931 4119 et
953 4054 1030 4137 ipsis

146 4159 358 4226 inmoriuntur
382 4160 490 4242 aquis:
516 4159 629 4242 aliquis
652 4160 762 4225 tamen
784 4160 892 4225 haurit
915 4162 948 4226 et
970 4161 1052 4226 11155.

147 4266 308 4351 Tantaque
333 4268 408 4332 sunt
430 4267 554 4332 miseris
576 4266 671 4332 invisi
693 4266 799 4332 taedia
821 4267 913 4332 lecti:
