<?xml version="1.0" encoding="UTF-8"?>
<!DOCTYPE html PUBLIC "-//W3C//DTD XHTML 1.0 Transitional//EN"
    "http://www.w3.org/TR/xhtml1/DTD/xhtml1-transitional.dtd">
<html xmlns="http://www.w3.org/1999/xhtml" xml:lang="en" lang="en">
 <head>
  <title>
</title>
<meta http-equiv="Content-Type" content="text/html;charset=utf-8" />
  <meta name='ocr-system' content='tesseract 3.04.00' />
  <meta name='ocr-capabilities' content='ocr_page ocr_carea ocr_par ocr_line ocrx_word'/>
</head>
<body>
  <div class='ocr_page' id='page_1' title='image "./diemetamorphose02magngoog_0059.png"; bbox 0 0 2858 4710; ppageno 0'>
   <div class='ocr_carea' id='block_1_1' title="bbox 526 303 881 371">
    <p class='ocr_par' dir='ltr' id='par_1_1' title="bbox 526 303 881 371">
     <span class='ocr_line' id='line_1_1' title="bbox 526 303 881 371; baseline 0.003 -14"><span class='ocrx_word' id='word_1_1' title='bbox 526 303 582 358; x_wconf 86' lang='lat' dir='ltr'><strong>Lib.</strong></span> <span class='ocrx_word' id='word_1_2' title='bbox 599 303 671 371; x_wconf 82' lang='lat' dir='ltr'>VIII,</span> <span class='ocrx_word' id='word_1_3' title='bbox 690 321 713 357; x_wconf 90' lang='lat' dir='ltr'><strong>v.</strong></span> <span class='ocrx_word' id='word_1_4' title='bbox 732 303 881 359; x_wconf 74' lang='lat' dir='ltr'><strong>soa—2⁷9.</strong></span> 
     </span>
    </p>
   </div>
   <div class='ocr_carea' id='block_1_2' title="bbox 83 463 1100 2038">
    <p class='ocr_par' dir='ltr' id='par_1_2' title="bbox 93 463 1026 975">
     <span class='ocr_line' id='line_1_2' title="bbox 93 463 965 548; baseline 0 -19"><span class='ocrx_word' id='word_1_5' title='bbox 93 474 147 530; x_wconf 81' lang='lat'><strong>245</strong></span> <span class='ocrx_word' id='word_1_6' title='bbox 185 465 283 530; x_wconf 79' lang='lat' dir='ltr'>traxit</span> <span class='ocrx_word' id='word_1_7' title='bbox 305 465 339 530; x_wconf 92' lang='lat' dir='ltr'><strong>in</strong></span> <span class='ocrx_word' id='word_1_8' title='bbox 362 464 549 548; x_wconf 85' lang='lat' dir='ltr'><strong>exemplum,</strong></span> <span class='ocrx_word' id='word_1_9' title='bbox 571 464 717 546; x_wconf 90' lang='lat' dir='ltr'><strong>ferroque</strong></span> <span class='ocrx_word' id='word_1_10' title='bbox 739 463 850 529; x_wconf 80' lang='lat' dir='ltr'><strong>insidit</strong></span> <span class='ocrx_word' id='word_1_11' title='bbox 872 467 965 529; x_wconf 85' lang='lat' dir='ltr'><strong>aauto</strong></span> 
     </span>
     <span class='ocr_line' id='line_1_3' title="bbox 183 571 958 656; baseline -0.003 -19"><span class='ocrx_word' id='word_1_12' title='bbox 183 573 352 656; x_wconf 89' lang='lat' dir='ltr'><strong>perpetuos</strong></span> <span class='ocrx_word' id='word_1_13' title='bbox 375 571 486 636; x_wconf 87' lang='lat' dir='ltr'><strong>dentes</strong></span> <span class='ocrx_word' id='word_1_14' title='bbox 510 578 543 635; x_wconf 89' lang='lat' dir='ltr'><strong>et</strong></span> <span class='ocrx_word' id='word_1_15' title='bbox 566 589 670 635; x_wconf 87' lang='lat' dir='ltr'><strong>serrae</strong></span> <span class='ocrx_word' id='word_1_16' title='bbox 693 572 833 655; x_wconf 89' lang='lat' dir='ltr'><strong>repperit</strong></span> <span class='ocrx_word' id='word_1_17' title='bbox 853 587 958 636; x_wconf 88' lang='lat' dir='ltr'><strong>usum.</strong></span> 
     </span>
     <span class='ocr_line' id='line_1_4' title="bbox 182 676 998 744; baseline -0.001 -1"><span class='ocrx_word' id='word_1_18' title='bbox 182 679 311 743; x_wconf 82' lang='lat' dir='ltr'><strong>Primus</strong></span> <span class='ocrx_word' id='word_1_19' title='bbox 334 680 367 744; x_wconf 92' lang='lat' dir='ltr'><strong>et</strong></span> <span class='ocrx_word' id='word_1_20' title='bbox 389 695 427 742; x_wconf 85' lang='lat' dir='ltr'><strong>ox</strong></span> <span class='ocrx_word' id='word_1_21' title='bbox 448 695 513 741; x_wconf 93' lang='lat' dir='ltr'><strong>uno</strong></span> <span class='ocrx_word' id='word_1_22' title='bbox 536 676 598 742; x_wconf 89' lang='lat' dir='ltr'><strong>duo</strong></span> <span class='ocrx_word' id='word_1_23' title='bbox 620 676 723 742; x_wconf 84' lang='lat' dir='ltr'><strong>ferrea</strong></span> <span class='ocrx_word' id='word_1_24' title='bbox 746 678 895 743; x_wconf 83' lang='lat' dir='ltr'><strong>braeolria</strong></span> <span class='ocrx_word' id='word_1_25' title='bbox 916 676 998 742; x_wconf 91' lang='lat' dir='ltr'><strong>nodo</strong></span> 
     </span>
     <span class='ocr_line' id='line_1_5' title="bbox 183 783 927 867; baseline -0.001 -17"><span class='ocrx_word' id='word_1_26' title='bbox 183 786 291 863; x_wconf 78' lang='lat' dir='ltr'><strong>vinxit</strong></span> <span class='ocrx_word' id='word_1_27' title='bbox 314 786 352 849; x_wconf 93' lang='lat' dir='ltr'><strong>ut</strong></span> <span class='ocrx_word' id='word_1_28' title='bbox 374 784 500 866; x_wconf 89' lang='lat' dir='ltr'><strong>aequali</strong></span> <span class='ocrx_word' id='word_1_29' title='bbox 523 785 625 867; x_wconf 89' lang='lat' dir='ltr'><strong>spatio</strong></span> <span class='ocrx_word' id='word_1_30' title='bbox 649 783 841 848; x_wconf 87' lang='lat' dir='ltr'><strong>distantibus</strong></span> <span class='ocrx_word' id='word_1_31' title='bbox 863 785 927 849; x_wconf 93' lang='lat' dir='ltr'><strong>illis</strong></span> 
     </span>
     <span class='ocr_line' id='line_1_6' title="bbox 184 890 1026 975; baseline -0.005 -18"><span class='ocrx_word' id='word_1_32' title='bbox 184 893 285 958; x_wconf 87' lang='lat' dir='ltr'><strong>altera</strong></span> <span class='ocrx_word' id='word_1_33' title='bbox 306 909 382 975; x_wconf 89' lang='lat' dir='ltr'><strong>pars</strong></span> <span class='ocrx_word' id='word_1_34' title='bbox 405 892 514 968; x_wconf 77' lang='lat' dir='ltr'><strong>staret</strong></span> <span class='ocrx_word' id='word_1_35' title='bbox 535 908 610 974; x_wconf 87' lang='lat' dir='ltr'><strong>pars</strong></span> <span class='ocrx_word' id='word_1_36' title='bbox 634 890 734 955; x_wconf 87' lang='lat' dir='ltr'><strong>altera</strong></span> <span class='ocrx_word' id='word_1_37' title='bbox 757 890 888 955; x_wconf 88' lang='lat' dir='ltr'><strong>duoeret</strong></span> <span class='ocrx_word' id='word_1_38' title='bbox 911 891 1026 954; x_wconf 88' lang='lat' dir='ltr'><strong>orbem.</strong></span> 
     </span>
    </p>

    <p class='ocr_par' dir='ltr' id='par_1_3' title="bbox 88 997 1044 1292">
     <span class='ocr_line' id='line_1_7' title="bbox 88 997 997 1078; baseline 0 -17"><span class='ocrx_word' id='word_1_39' title='bbox 88 1005 145 1061; x_wconf 78' lang='lat'><strong>250</strong></span> <span class='ocrx_word' id='word_1_40' title='bbox 182 998 345 1063; x_wconf 82' lang='lat' dir='ltr'>Daedalus</span> <span class='ocrx_word' id='word_1_41' title='bbox 367 997 481 1061; x_wconf 87' lang='lat' dir='ltr'><strong>invidit</strong></span> <span class='ocrx_word' id='word_1_42' title='bbox 503 1014 657 1078; x_wconf 89' lang='lat' dir='ltr'><strong>saoraque</strong></span> <span class='ocrx_word' id='word_1_43' title='bbox 680 1015 717 1061; x_wconf 85' lang='lat' dir='ltr'><strong>ex</strong></span> <span class='ocrx_word' id='word_1_44' title='bbox 741 1009 812 1061; x_wconf 83' lang='lat' dir='ltr'><strong>aree</strong></span> <span class='ocrx_word' id='word_1_45' title='bbox 834 997 997 1061; x_wconf 88' lang='lat' dir='ltr'><strong>Minervae</strong></span> 
     </span>
     <span class='ocr_line' id='line_1_8' title="bbox 181 1103 1044 1189; baseline -0.002 -21"><span class='ocrx_word' id='word_1_46' title='bbox 181 1105 387 1189; x_wconf 87' lang='lat' dir='ltr'><strong>praeeipitem</strong></span> <span class='ocrx_word' id='word_1_47' title='bbox 408 1103 505 1182; x_wconf 80' lang='lat' dir='ltr'><strong>misit,</strong></span> <span class='ocrx_word' id='word_1_48' title='bbox 528 1103 655 1186; x_wconf 87' lang='lat' dir='ltr'><strong>lapsum</strong></span> <span class='ocrx_word' id='word_1_49' title='bbox 677 1104 841 1167; x_wconf 88' lang='lat' dir='ltr'><strong>mentitus.</strong></span> <span class='ocrx_word' id='word_1_50' title='bbox 885 1105 930 1167; x_wconf 86' lang='lat' dir='ltr'><strong>At</strong></span> <span class='ocrx_word' id='word_1_51' title='bbox 951 1103 1044 1166; x_wconf 89' lang='lat' dir='ltr'><strong>illum</strong></span> 
     </span>
     <span class='ocr_line' id='line_1_9' title="bbox 184 1209 982 1292; baseline -0.001 -17"><span class='ocrx_word' id='word_1_52' title='bbox 184 1229 265 1292; x_wconf 89' lang='lat' dir='ltr'><strong>quae</strong></span> <span class='ocrx_word' id='word_1_53' title='bbox 287 1209 380 1275; x_wconf 88' lang='lat' dir='ltr'><strong>favet</strong></span> <span class='ocrx_word' id='word_1_54' title='bbox 394 1209 532 1292; x_wconf 77' lang='lat' dir='ltr'><strong>ingeniis</strong></span> <span class='ocrx_word' id='word_1_55' title='bbox 555 1209 676 1292; x_wconf 76' lang='lat' dir='ltr'><strong>excepit</strong></span> <span class='ocrx_word' id='word_1_56' title='bbox 697 1209 805 1274; x_wconf 90' lang='lat' dir='ltr'><strong>Pallas</strong></span> <span class='ocrx_word' id='word_1_57' title='bbox 829 1224 982 1291; x_wconf 89' lang='lat' dir='ltr'><strong>avemque</strong></span> 
     </span>
    </p>

    <p class='ocr_par' dir='ltr' id='par_1_4' title="bbox 115 1315 966 1505">
     <span class='ocr_line' id='line_1_10' title="bbox 115 1315 935 1399; baseline -0.002 -19"><span class='ocrx_word' id='word_1_58' title='bbox 115 1356 116 1359; x_wconf 58' lang='lat'><em>=</em></span> <span class='ocrx_word' id='word_1_59' title='bbox 182 1315 320 1382; x_wconf 78' lang='lat' dir='ltr'><strong>reddidit</strong></span> <span class='ocrx_word' id='word_1_60' title='bbox 343 1318 378 1381; x_wconf 91' lang='lat' dir='ltr'><strong>et</strong></span> <span class='ocrx_word' id='word_1_61' title='bbox 396 1315 501 1381; x_wconf 85' lang='lat' dir='ltr'><strong>medio</strong></span> <span class='ocrx_word' id='word_1_62' title='bbox 523 1316 641 1380; x_wconf 88' lang='lat' dir='ltr'><strong>velavit</strong></span> <span class='ocrx_word' id='word_1_63' title='bbox 661 1316 696 1379; x_wconf 90' lang='lat' dir='ltr'><strong>in</strong></span> <span class='ocrx_word' id='word_1_64' title='bbox 720 1319 791 1380; x_wconf 79' lang='lat' dir='ltr'><strong>aere</strong></span> <span class='ocrx_word' id='word_1_65' title='bbox 814 1315 935 1399; x_wconf 89' lang='lat' dir='ltr'><strong>pennis.</strong></span> 
     </span>
     <span class='ocr_line' id='line_1_11' title="bbox 185 1421 966 1505; baseline -0.004 -17"><span class='ocrx_word' id='word_1_66' title='bbox 185 1422 247 1488; x_wconf 85' lang='lat' dir='ltr'><strong>Sed</strong></span> <span class='ocrx_word' id='word_1_67' title='bbox 270 1423 359 1505; x_wconf 87' lang='lat' dir='ltr'><strong>vigor</strong></span> <span class='ocrx_word' id='word_1_68' title='bbox 380 1423 498 1504; x_wconf 84' lang='lat' dir='ltr'><strong>ingenii</strong></span> <span class='ocrx_word' id='word_1_69' title='bbox 522 1421 682 1503; x_wconf 88' lang='lat' dir='ltr'><strong>quondam</strong></span> <span class='ocrx_word' id='word_1_70' title='bbox 704 1422 820 1486; x_wconf 91' lang='lat' dir='ltr'><strong>veloois</strong></span> <span class='ocrx_word' id='word_1_71' title='bbox 842 1422 876 1485; x_wconf 92' lang='lat' dir='ltr'><strong>in</strong></span> <span class='ocrx_word' id='word_1_72' title='bbox 899 1422 966 1485; x_wconf 88' lang='lat' dir='ltr'><strong>alas</strong></span> 
     </span>
    </p>

    <p class='ocr_par' dir='ltr' id='par_1_5' title="bbox 83 1512 1100 1612">
     <span class='ocr_line' id='line_1_12' title="bbox 83 1512 1100 1612; baseline -0.002 -20"><span class='ocrx_word' id='word_1_73' title='bbox 83 1536 144 1592; x_wconf 80' lang='lat'><strong>255</strong></span> <span class='ocrx_word' id='word_1_74' title='bbox 180 1529 276 1612; x_wconf 90' lang='lat' dir='ltr'><strong>inquo</strong></span> <span class='ocrx_word' id='word_1_75' title='bbox 299 1527 394 1612; x_wconf 89' lang='lat' dir='ltr'><strong>pedes</strong></span> <span class='ocrx_word' id='word_1_76' title='bbox 418 1512 512 1592; x_wconf 82' lang='lat' dir='ltr'><strong>abiit:</strong></span> <span class='ocrx_word' id='word_1_77' title='bbox 535 1547 651 1593; x_wconf 89' lang='lat' dir='ltr'><strong>nomen</strong></span> <span class='ocrx_word' id='word_1_78' title='bbox 675 1528 760 1610; x_wconf 92' lang='lat' dir='ltr'><strong>quod</strong></span> <span class='ocrx_word' id='word_1_79' title='bbox 782 1527 816 1592; x_wconf 89' lang='lat' dir='ltr'><strong>et</strong></span> <span class='ocrx_word' id='word_1_80' title='bbox 839 1528 913 1594; x_wconf 91' lang='lat' dir='ltr'><strong>ante</strong></span> <span class='ocrx_word' id='word_1_81' title='bbox 935 1526 1100 1592; x_wconf 85' lang='lat' dir='ltr'><strong>remansit.</strong></span> 
     </span>
    </p>

    <p class='ocr_par' dir='ltr' id='par_1_6' title="bbox 84 1631 1085 2038">
     <span class='ocr_line' id='line_1_13' title="bbox 84 1631 1081 1718; baseline 0 -19"><span class='ocrx_word' id='word_1_82' title='bbox 84 1631 88 1638; x_wconf 84' lang='lat'>&#39;</span> <span class='ocrx_word' id='word_1_83' title='bbox 179 1635 251 1701; x_wconf 87' lang='lat' dir='ltr'><strong>Nou</strong></span> <span class='ocrx_word' id='word_1_84' title='bbox 273 1637 383 1700; x_wconf 91' lang='lat' dir='ltr'><strong>tamen</strong></span> <span class='ocrx_word' id='word_1_85' title='bbox 403 1635 483 1700; x_wconf 88' lang='lat' dir='ltr'><strong>haee</strong></span> <span class='ocrx_word' id='word_1_86' title='bbox 506 1634 570 1699; x_wconf 89' lang='lat' dir='ltr'><strong>alte</strong></span> <span class='ocrx_word' id='word_1_87' title='bbox 592 1635 729 1700; x_wconf 86' lang='lat' dir='ltr'><strong>volueris</strong></span> <span class='ocrx_word' id='word_1_88' title='bbox 753 1653 813 1699; x_wconf 90' lang='lat' dir='ltr'><strong>sua</strong></span> <span class='ocrx_word' id='word_1_89' title='bbox 835 1649 965 1718; x_wconf 78' lang='lat' dir='ltr'><strong>corpora</strong></span> <span class='ocrx_word' id='word_1_90' title='bbox 986 1635 1081 1712; x_wconf 87' lang='lat' dir='ltr'><strong>tollit,</strong></span> 
     </span>
     <span class='ocr_line' id='line_1_14' title="bbox 181 1741 983 1823; baseline -0.001 -18"><span class='ocrx_word' id='word_1_91' title='bbox 181 1760 239 1807; x_wconf 89' lang='lat' dir='ltr'><strong>neo</strong></span> <span class='ocrx_word' id='word_1_92' title='bbox 260 1741 337 1806; x_wconf 85' lang='lat' dir='ltr'><strong>laoit</strong></span> <span class='ocrx_word' id='word_1_93' title='bbox 358 1741 392 1805; x_wconf 93' lang='lat' dir='ltr'><strong>in</strong></span> <span class='ocrx_word' id='word_1_94' title='bbox 414 1741 516 1806; x_wconf 89' lang='lat' dir='ltr'><strong>ramis</strong></span> <span class='ocrx_word' id='word_1_95' title='bbox 536 1742 665 1823; x_wconf 91' lang='lat' dir='ltr'><strong>altoque</strong></span> <span class='ocrx_word' id='word_1_96' title='bbox 688 1742 851 1806; x_wconf 70' lang='lat' dir='ltr'><strong>omumine</strong></span> <span class='ocrx_word' id='word_1_97' title='bbox 872 1741 983 1805; x_wconf 86' lang='lat' dir='ltr'><strong>nidos:</strong></span> 
     </span>
     <span class='ocr_line' id='line_1_15' title="bbox 181 1847 1085 1932; baseline -0.001 -20"><span class='ocrx_word' id='word_1_98' title='bbox 181 1850 310 1932; x_wconf 91' lang='lat' dir='ltr'><strong>propter</strong></span> <span class='ocrx_word' id='word_1_99' title='bbox 332 1849 468 1912; x_wconf 89' lang='lat' dir='ltr'><strong>humum</strong></span> <span class='ocrx_word' id='word_1_100' title='bbox 490 1847 603 1913; x_wconf 78' lang='lat' dir='ltr'><strong>vetitet</strong></span> <span class='ocrx_word' id='word_1_101' title='bbox 624 1847 777 1930; x_wconf 86' lang='lat' dir='ltr'><strong>ponitque</strong></span> <span class='ocrx_word' id='word_1_102' title='bbox 798 1848 833 1911; x_wconf 90' lang='lat' dir='ltr'><strong>in</strong></span> <span class='ocrx_word' id='word_1_103' title='bbox 856 1847 1002 1930; x_wconf 77' lang='lat' dir='ltr'><strong>saepibus</strong></span> <span class='ocrx_word' id='word_1_104' title='bbox 1026 1865 1085 1911; x_wconf 89' lang='lat' dir='ltr'><strong>ova</strong></span> 
     </span>
     <span class='ocr_line' id='line_1_16' title="bbox 183 1954 945 2038; baseline -0.001 -19"><span class='ocrx_word' id='word_1_105' title='bbox 183 1955 368 2038; x_wconf 84' lang='lat' dir='ltr'><strong>antiquique</strong></span> <span class='ocrx_word' id='word_1_106' title='bbox 389 1973 512 2019; x_wconf 92' lang='lat' dir='ltr'><strong>memor</strong></span> <span class='ocrx_word' id='word_1_107' title='bbox 533 1954 651 2018; x_wconf 90' lang='lat' dir='ltr'><strong>metuit</strong></span> <span class='ocrx_word' id='word_1_108' title='bbox 672 1954 820 2018; x_wconf 87' lang='lat' dir='ltr'><strong>sublimia</strong></span> <span class='ocrx_word' id='word_1_109' title='bbox 843 1971 945 2018; x_wconf 88' lang='lat' dir='ltr'><strong>oasus.</strong></span> 
     </span>
    </p>
   </div>
   <div class='ocr_carea' id='block_1_3' title="bbox 83 2145 1311 4382">
    <p class='ocr_par' dir='ltr' id='par_1_7' title="bbox 708 2145 1311 2230">
     <span class='ocr_line' id='line_1_17' title="bbox 708 2145 1311 2230; baseline -0.005 -19"><span class='ocrx_word' id='word_1_110' title='bbox 708 2150 760 2212; x_wconf 83' lang='lat'><strong>46.</strong></span> <span class='ocrx_word' id='word_1_111' title='bbox 782 2147 874 2229; x_wconf 84' lang='lat' dir='ltr'><strong>Aper</strong></span> <span class='ocrx_word' id='word_1_112' title='bbox 899 2145 1103 2230; x_wconf 74' lang='lat' dir='ltr'><strong>Calydoniae</strong></span> <span class='ocrx_word' id='word_1_113' title='bbox 1137 2145 1311 2230; x_wconf 79' lang='lat' dir='ltr'><strong>Meleaqer.</strong></span> 
     </span>
    </p>

    <p class='ocr_par' dir='ltr' id='par_1_8' title="bbox 83 2272 1088 2783">
     <span class='ocr_line' id='line_1_18' title="bbox 83 2272 1032 2356; baseline 0 -19"><span class='ocrx_word' id='word_1_114' title='bbox 83 2282 145 2338; x_wconf 80' lang='lat'><strong>260</strong></span> <span class='ocrx_word' id='word_1_115' title='bbox 268 2273 402 2356; x_wconf 89' lang='lat' dir='ltr'><strong>Iamque</strong></span> <span class='ocrx_word' id='word_1_116' title='bbox 424 2272 597 2356; x_wconf 80' lang='lat' dir='ltr'><strong>fatigatum</strong></span> <span class='ocrx_word' id='word_1_117' title='bbox 618 2273 715 2338; x_wconf 85' lang='lat' dir='ltr'><strong>tellus</strong></span> <span class='ocrx_word' id='word_1_118' title='bbox 738 2274 880 2338; x_wconf 74' lang='lat' dir='ltr'><strong>Aetnaea</strong></span> <span class='ocrx_word' id='word_1_119' title='bbox 902 2273 1032 2338; x_wconf 88' lang='lat' dir='ltr'><strong>tenebat</strong></span> 
     </span>
     <span class='ocr_line' id='line_1_19' title="bbox 181 2379 1088 2463; baseline 0.001 -20"><span class='ocrx_word' id='word_1_120' title='bbox 181 2379 351 2458; x_wconf 88' lang='lat' dir='ltr'><strong>Daedalon,</strong></span> <span class='ocrx_word' id='word_1_121' title='bbox 374 2382 408 2444; x_wconf 86' lang='lat' dir='ltr'><strong>et</strong></span> <span class='ocrx_word' id='word_1_122' title='bbox 429 2380 566 2463; x_wconf 84' lang='lat' dir='ltr'><strong>sumptis</strong></span> <span class='ocrx_word' id='word_1_123' title='bbox 588 2398 645 2463; x_wconf 89' lang='lat' dir='ltr'><strong>pro</strong></span> <span class='ocrx_word' id='word_1_124' title='bbox 668 2380 809 2463; x_wconf 88' lang='lat' dir='ltr'><strong>supplioe</strong></span> <span class='ocrx_word' id='word_1_125' title='bbox 832 2379 966 2446; x_wconf 82' lang='lat' dir='ltr'><strong>Cooslus</strong></span> <span class='ocrx_word' id='word_1_126' title='bbox 990 2380 1088 2445; x_wconf 90' lang='lat' dir='ltr'><strong>armis</strong></span> 
     </span>
     <span class='ocr_line' id='line_1_20' title="bbox 181 2486 956 2564; baseline 0.001 -13"><span class='ocrx_word' id='word_1_127' title='bbox 181 2487 267 2551; x_wconf 91' lang='lat' dir='ltr'><strong>mitis</strong></span> <span class='ocrx_word' id='word_1_128' title='bbox 289 2486 475 2564; x_wconf 84' lang='lat' dir='ltr'><strong>habebatur,</strong></span> <span class='ocrx_word' id='word_1_129' title='bbox 497 2486 562 2549; x_wconf 89' lang='lat' dir='ltr'><strong>iam</strong></span> <span class='ocrx_word' id='word_1_130' title='bbox 585 2486 788 2552; x_wconf 79' lang='lat' dir='ltr'><strong>lamentabile</strong></span> <span class='ocrx_word' id='word_1_131' title='bbox 811 2487 956 2552; x_wconf 85' lang='lat' dir='ltr'><strong>Athenae</strong></span> 
     </span>
     <span class='ocr_line' id='line_1_21' title="bbox 180 2592 948 2677; baseline 0.001 -19"><span class='ocrx_word' id='word_1_132' title='bbox 180 2592 315 2676; x_wconf 88' lang='lat' dir='ltr'><strong>pendere</strong></span> <span class='ocrx_word' id='word_1_133' title='bbox 338 2593 498 2677; x_wconf 88' lang='lat' dir='ltr'><strong>desierant</strong></span> <span class='ocrx_word' id='word_1_134' title='bbox 519 2593 644 2658; x_wconf 83' lang='lat' dir='ltr'><strong>Tbeeea-</strong></span> <span class='ocrx_word' id='word_1_135' title='bbox 663 2594 759 2658; x_wconf 88' lang='lat' dir='ltr'><strong>laudo</strong></span> <span class='ocrx_word' id='word_1_136' title='bbox 782 2594 948 2659; x_wconf 89' lang='lat' dir='ltr'><strong>tributum.</strong></span> 
     </span>
     <span class='ocr_line' id='line_1_22' title="bbox 181 2699 1024 2783; baseline 0.002 -20"><span class='ocrx_word' id='word_1_137' title='bbox 181 2700 312 2783; x_wconf 85' lang='lat' dir='ltr'><strong>Templa</strong></span> <span class='ocrx_word' id='word_1_138' title='bbox 334 2701 535 2778; x_wconf 81' lang='lat' dir='ltr'><strong>coronantur,</strong></span> <span class='ocrx_word' id='word_1_139' title='bbox 557 2699 819 2782; x_wconf 88' lang='lat' dir='ltr'><strong>bellatrioomque</strong></span> <span class='ocrx_word' id='word_1_140' title='bbox 842 2700 1024 2766; x_wconf 83' lang='lat' dir='ltr'><strong>Minervam</strong></span> 
     </span>
    </p>

    <p class='ocr_par' dir='ltr' id='par_1_9' title="bbox 84 2806 1099 2994">
     <span class='ocr_line' id='line_1_23' title="bbox 84 2806 1099 2890; baseline 0.003 -21"><span class='ocrx_word' id='word_1_141' title='bbox 84 2812 143 2869; x_wconf 79' lang='lat'><strong>265</strong></span> <span class='ocrx_word' id='word_1_142' title='bbox 181 2824 254 2871; x_wconf 90' lang='lat' dir='ltr'><strong>eum</strong></span> <span class='ocrx_word' id='word_1_143' title='bbox 275 2806 354 2872; x_wconf 88' lang='lat' dir='ltr'><strong>Iove</strong></span> <span class='ocrx_word' id='word_1_144' title='bbox 372 2807 484 2889; x_wconf 89' lang='lat' dir='ltr'><strong>disque</strong></span> <span class='ocrx_word' id='word_1_145' title='bbox 507 2809 622 2872; x_wconf 89' lang='lat' dir='ltr'><strong>vooaut</strong></span> <span class='ocrx_word' id='word_1_146' title='bbox 644 2807 723 2884; x_wconf 86' lang='lat' dir='ltr'><strong>aliis,</strong></span> <span class='ocrx_word' id='word_1_147' title='bbox 746 2820 827 2888; x_wconf 90' lang='lat' dir='ltr'><strong>quos</strong></span> <span class='ocrx_word' id='word_1_148' title='bbox 850 2808 1003 2890; x_wconf 80' lang='lat' dir='ltr'><strong>sanguine</strong></span> <span class='ocrx_word' id='word_1_149' title='bbox 1025 2808 1099 2872; x_wconf 90' lang='lat' dir='ltr'><strong>voto</strong></span> 
     </span>
     <span class='ocr_line' id='line_1_24' title="bbox 179 2913 1020 2994; baseline -0.001 -15"><span class='ocrx_word' id='word_1_150' title='bbox 179 2913 428 2994; x_wconf 90' lang='lat' dir='ltr'><strong>muneribusque</strong></span> <span class='ocrx_word' id='word_1_151' title='bbox 452 2913 537 2977; x_wconf 89' lang='lat' dir='ltr'><strong>datis</strong></span> <span class='ocrx_word' id='word_1_152' title='bbox 559 2914 592 2977; x_wconf 92' lang='lat' dir='ltr'><strong>et</strong></span> <span class='ocrx_word' id='word_1_153' title='bbox 615 2913 730 2978; x_wconf 75' lang='lat' dir='ltr'><strong>aoents</strong></span> <span class='ocrx_word' id='word_1_154' title='bbox 752 2914 834 2977; x_wconf 87' lang='lat' dir='ltr'><strong>turis</strong></span> <span class='ocrx_word' id='word_1_155' title='bbox 856 2913 1020 2978; x_wconf 86' lang='lat' dir='ltr'><strong>honorant.</strong></span> 
     </span>
    </p>

    <p class='ocr_par' dir='ltr' id='par_1_10' title="bbox 269 3018 1169 3103">
     <span class='ocr_line' id='line_1_25' title="bbox 269 3018 1169 3103; baseline -0.001 -19"><span class='ocrx_word' id='word_1_156' title='bbox 269 3018 436 3103; x_wconf 83' lang='lat' dir='ltr'><strong>Sparserat</strong></span> <span class='ocrx_word' id='word_1_157' title='bbox 459 3020 622 3102; x_wconf 73' lang='lat' dir='ltr'><strong>Argolidas</strong></span> <span class='ocrx_word' id='word_1_158' title='bbox 644 3037 761 3083; x_wconf 91' lang='lat' dir='ltr'><strong>nomen</strong></span> <span class='ocrx_word' id='word_1_159' title='bbox 783 3036 866 3101; x_wconf 83' lang='lat' dir='ltr'><strong>vaga</strong></span> <span class='ocrx_word' id='word_1_160' title='bbox 886 3018 974 3084; x_wconf 87' lang='lat' dir='ltr'><strong>fama</strong></span> <span class='ocrx_word' id='word_1_161' title='bbox 995 3038 1052 3103; x_wconf 92' lang='lat' dir='ltr'><strong>per</strong></span> <span class='ocrx_word' id='word_1_162' title='bbox 1075 3019 1169 3085; x_wconf 86' lang='lat' dir='ltr'><strong>urbes</strong></span> 
     </span>
    </p>

    <p class='ocr_par' dir='ltr' id='par_1_11' title="bbox 179 3125 990 3316">
     <span class='ocr_line' id='line_1_26' title="bbox 180 3125 990 3210; baseline 0.002 -21"><span class='ocrx_word' id='word_1_163' title='bbox 180 3125 325 3205; x_wconf 80' lang='lat' dir='ltr'><strong>Theseos,</strong></span> <span class='ocrx_word' id='word_1_164' title='bbox 349 3128 382 3191; x_wconf 91' lang='lat' dir='ltr'><strong>et</strong></span> <span class='ocrx_word' id='word_1_165' title='bbox 402 3127 519 3210; x_wconf 71' lang='lat' dir='ltr'><strong>populi,</strong></span> <span class='ocrx_word' id='word_1_166' title='bbox 543 3143 622 3207; x_wconf 90' lang='lat' dir='ltr'><strong>quos</strong></span> <span class='ocrx_word' id='word_1_167' title='bbox 645 3125 732 3190; x_wconf 89' lang='lat' dir='ltr'><strong>dives</strong></span> <span class='ocrx_word' id='word_1_168' title='bbox 754 3126 877 3191; x_wconf 78' lang='lat' dir='ltr'><strong>thaia</strong></span> <span class='ocrx_word' id='word_1_169' title='bbox 899 3126 990 3210; x_wconf 90' lang='lat' dir='ltr'><strong>oepit,</strong></span> 
     </span>
     <span class='ocr_line' id='line_1_27' title="bbox 179 3231 923 3316; baseline 0.003 -21"><span class='ocrx_word' id='word_1_170' title='bbox 179 3231 274 3297; x_wconf 92' lang='lat' dir='ltr'><strong>huius</strong></span> <span class='ocrx_word' id='word_1_171' title='bbox 298 3236 391 3316; x_wconf 85' lang='lat' dir='ltr'><strong>opem</strong></span> <span class='ocrx_word' id='word_1_172' title='bbox 412 3233 538 3314; x_wconf 82' lang='lat' dir='ltr'><strong>maguis</strong></span> <span class='ocrx_word' id='word_1_173' title='bbox 560 3233 767 3316; x_wconf 82' lang='lat' dir='ltr'><strong>imploravere</strong></span> <span class='ocrx_word' id='word_1_174' title='bbox 789 3232 923 3316; x_wconf 87' lang='lat' dir='ltr'><strong>p&#39;erielis.</strong></span> 
     </span>
    </p>

    <p class='ocr_par' dir='ltr' id='par_1_12' title="bbox 84 3337 1110 3634">
     <span class='ocr_line' id='line_1_28' title="bbox 84 3337 1110 3423; baseline 0.005 -22"><span class='ocrx_word' id='word_1_175' title='bbox 84 3346 143 3402; x_wconf 76' lang='lat'><strong>270</strong></span> <span class='ocrx_word' id='word_1_176' title='bbox 179 3337 283 3404; x_wconf 88' lang='lat' dir='ltr'><strong>Huius</strong></span> <span class='ocrx_word' id='word_1_177' title='bbox 307 3341 399 3422; x_wconf 81' lang='lat' dir='ltr'><strong>ope&#39;m</strong></span> <span class='ocrx_word' id='word_1_178' title='bbox 422 3338 572 3422; x_wconf 75' lang='lat' dir='ltr'><strong>Calydon,</strong></span> <span class='ocrx_word' id='word_1_179' title='bbox 597 3340 742 3422; x_wconf 83' lang='lat' dir='ltr'><strong>quumvis</strong></span> <span class='ocrx_word' id='word_1_180' title='bbox 764 3340 947 3423; x_wconf 82' lang='lat' dir='ltr'><strong>Meleagron</strong></span> <span class='ocrx_word' id='word_1_181' title='bbox 969 3341 1110 3421; x_wconf 69' lang='lat' dir='ltr'><strong>haberet,</strong></span> 
     </span>
     <span class='ocr_line' id='line_1_29' title="bbox 180 3434 1009 3531; baseline 0.004 -22"><span class='ocrx_word' id='word_1_182' title='bbox 180 3445 314 3510; x_wconf 87' lang='lat' dir='ltr'><strong>sollieita</strong></span> <span class='ocrx_word' id='word_1_183' title='bbox 337 3447 468 3529; x_wconf 85' lang='lat' dir='ltr'><strong>supplex</strong></span> <span class='ocrx_word' id='word_1_184' title='bbox 490 3446 584 3529; x_wconf 87' lang='lat' dir='ltr'><strong>petiit</strong></span> <span class='ocrx_word' id='word_1_185' title='bbox 605 3464 708 3530; x_wconf 84' lang='lat' dir='ltr'><strong>prese.</strong></span> <span class='ocrx_word' id='word_1_186' title='bbox 753 3434 859 3513; x_wconf 77' lang='lat' dir='ltr'><strong>Causa</strong></span> <span class='ocrx_word' id='word_1_187' title='bbox 880 3447 1009 3531; x_wconf 88' lang='lat' dir='ltr'><strong>petendi</strong></span> 
     </span>
     <span class='ocr_line' id='line_1_30' title="bbox 180 3551 1003 3634; baseline 0.002 -18"><span class='ocrx_word' id='word_1_188' title='bbox 180 3570 234 3617; x_wconf 89' lang='lat' dir='ltr'><strong>sus</strong></span> <span class='ocrx_word' id='word_1_189' title='bbox 258 3554 335 3630; x_wconf 91' lang='lat' dir='ltr'><strong>erat,</strong></span> <span class='ocrx_word' id='word_1_190' title='bbox 356 3551 489 3618; x_wconf 77' lang='lat' dir='ltr'><strong>infestae</strong></span> <span class='ocrx_word' id='word_1_191' title='bbox 511 3551 651 3617; x_wconf 87' lang='lat' dir='ltr'><strong>famulus</strong></span> <span class='ocrx_word' id='word_1_192' title='bbox 674 3552 849 3634; x_wconf 83' lang='lat' dir='ltr'><strong>vindexque</strong></span> <span class='ocrx_word' id='word_1_193' title='bbox 871 3553 1003 3619; x_wconf 88' lang='lat' dir='ltr'><strong>Dianae.</strong></span> 
     </span>
    </p>

    <p class='ocr_par' dir='ltr' id='par_1_13' title="bbox 268 3658 1093 3743">
     <span class='ocr_line' id='line_1_31' title="bbox 268 3658 1093 3743; baseline 0 -18"><span class='ocrx_word' id='word_1_194' title='bbox 268 3658 378 3726; x_wconf 59' lang='lat' dir='ltr'><strong>Oenea*</strong></span> <span class='ocrx_word' id='word_1_195' title='bbox 396 3678 536 3741; x_wconf 89' lang='lat' dir='ltr'><strong>namque</strong></span> <span class='ocrx_word' id='word_1_196' title='bbox 558 3658 667 3724; x_wconf 86' lang='lat' dir='ltr'><strong>lerunt</strong></span> <span class='ocrx_word' id='word_1_197' title='bbox 688 3659 774 3743; x_wconf 88' lang='lat' dir='ltr'><strong>pleni</strong></span> <span class='ocrx_word' id='word_1_198' title='bbox 796 3660 994 3725; x_wconf 81' lang='lat' dir='ltr'><strong>suoees&#39;sibus</strong></span> <span class='ocrx_word' id='word_1_199' title='bbox 1018 3661 1093 3725; x_wconf 87' lang='lat' dir='ltr'><strong>anni</strong></span> 
     </span>
    </p>

    <p class='ocr_par' dir='ltr' id='par_1_14' title="bbox 178 3765 941 3849">
     <span class='ocr_line' id='line_1_32' title="bbox 178 3765 941 3849; baseline 0.001 -19"><span class='ocrx_word' id='word_1_200' title='bbox 178 3765 336 3848; x_wconf 88' lang='lat' dir='ltr'><strong>primitias</strong></span> <span class='ocrx_word' id='word_1_201' title='bbox 358 3765 491 3848; x_wconf 47' lang='lat' dir='ltr'><strong>frugum*</strong></span> <span class='ocrx_word' id='word_1_202' title='bbox 511 3765 627 3843; x_wconf 83' lang='lat' dir='ltr'><strong>Cereri,</strong></span> <span class='ocrx_word' id='word_1_203' title='bbox 650 3784 708 3830; x_wconf 86' lang='lat' dir='ltr'><strong>sua</strong></span> <span class='ocrx_word' id='word_1_204' title='bbox 730 3765 806 3831; x_wconf 86' lang='lat' dir='ltr'><strong>vina</strong></span> <span class='ocrx_word' id='word_1_205' title='bbox 827 3766 941 3849; x_wconf 82' lang='lat' dir='ltr'><strong>Lyaeo,</strong></span> 
     </span>
    </p>

    <p class='ocr_par' dir='ltr' id='par_1_15' title="bbox 83 3871 1079 4382">
     <span class='ocr_line' id='line_1_33' title="bbox 83 3871 926 3938; baseline 0 -2"><span class='ocrx_word' id='word_1_206' title='bbox 83 3879 141 3937; x_wconf 77' lang='lat'><strong>275</strong></span> <span class='ocrx_word' id='word_1_207' title='bbox 178 3871 337 3938; x_wconf 91' lang='lat' dir='ltr'><strong>Palladios</strong></span> <span class='ocrx_word' id='word_1_208' title='bbox 359 3871 460 3938; x_wconf 88' lang='lat' dir='ltr'><strong>flavae</strong></span> <span class='ocrx_word' id='word_1_209' title='bbox 483 3873 593 3937; x_wconf 82' lang='lat' dir='ltr'><strong>latices</strong></span> <span class='ocrx_word' id='word_1_210' title='bbox 618 3873 732 3937; x_wconf 87' lang='lat' dir='ltr'><strong>libasse</strong></span> <span class='ocrx_word' id='word_1_211' title='bbox 755 3873 926 3937; x_wconf 88' lang='lat' dir='ltr'><strong>Minervae.</strong></span> 
     </span>
     <span class='ocr_line' id='line_1_34' title="bbox 179 3978 1064 4063; baseline 0 -18"><span class='ocrx_word' id='word_1_212' title='bbox 179 3978 317 4063; x_wconf 77' lang='lat' dir='ltr'><strong>Coeptus</strong></span> <span class='ocrx_word' id='word_1_213' title='bbox 341 3980 380 4045; x_wconf 89' lang='lat' dir='ltr'><strong>ab</strong></span> <span class='ocrx_word' id='word_1_214' title='bbox 403 3979 548 4061; x_wconf 81' lang='lat' dir='ltr'><strong>agrioolis</strong></span> <span class='ocrx_word' id='word_1_215' title='bbox 571 3997 701 4063; x_wconf 88' lang='lat' dir='ltr'><strong>superos</strong></span> <span class='ocrx_word' id='word_1_216' title='bbox 723 3979 867 4062; x_wconf 90' lang='lat' dir='ltr'><strong>pervenit</strong></span> <span class='ocrx_word' id='word_1_217' title='bbox 889 3978 930 4044; x_wconf 88' lang='lat' dir='ltr'><strong>ad</strong></span> <span class='ocrx_word' id='word_1_218' title='bbox 953 3998 1064 4045; x_wconf 90' lang='lat' dir='ltr'><strong>omnes</strong></span> 
     </span>
     <span class='ocr_line' id='line_1_35' title="bbox 179 4076 1079 4162; baseline -0.001 -12"><span class='ocrx_word' id='word_1_219' title='bbox 179 4086 365 4151; x_wconf 89' lang='lat' dir='ltr'><strong>ambitiosus</strong></span> <span class='ocrx_word' id='word_1_220' title='bbox 387 4087 502 4162; x_wconf 84' lang='lat' dir='ltr'><strong>honor3</strong></span> <span class='ocrx_word' id='word_1_221' title='bbox 527 4086 610 4150; x_wconf 88' lang='lat' dir='ltr'><strong>solas</strong></span> <span class='ocrx_word' id='word_1_222' title='bbox 633 4087 700 4150; x_wconf 91' lang='lat' dir='ltr'><strong>sine</strong></span> <span class='ocrx_word' id='word_1_223' title='bbox 723 4087 795 4150; x_wconf 92' lang='lat' dir='ltr'><strong>ture</strong></span> <span class='ocrx_word' id='word_1_224' title='bbox 818 4085 945 4149; x_wconf 80' lang='lat' dir='ltr'><strong>relictas</strong></span> <span class='ocrx_word' id='word_1_225' title='bbox 1077 4076 1079 4080; x_wconf 43' lang='lat'><em>⁴</em></span> 
     </span>
     <span class='ocr_line' id='line_1_36' title="bbox 177 4192 931 4276; baseline -0.001 -20"><span class='ocrx_word' id='word_1_226' title='bbox 177 4192 368 4276; x_wconf 87' lang='lat' dir='ltr'><strong>praeteritae</strong></span> <span class='ocrx_word' id='word_1_227' title='bbox 391 4211 532 4258; x_wconf 78' lang='lat' dir='ltr'><strong>cessasse</strong></span> <span class='ocrx_word' id='word_1_228' title='bbox 554 4192 662 4258; x_wconf 85' lang='lat' dir='ltr'><strong>ferrmt</strong></span> <span class='ocrx_word' id='word_1_229' title='bbox 677 4192 827 4258; x_wconf 83' lang='lat' dir='ltr'><strong>Latoidos</strong></span> <span class='ocrx_word' id='word_1_230' title='bbox 851 4209 931 4256; x_wconf 89' lang='lat' dir='ltr'><strong>aras.</strong></span> 
     </span>
     <span class='ocr_line' id='line_1_37' title="bbox 178 4286 1034 4382; baseline 0 -19"><span class='ocrx_word' id='word_1_231' title='bbox 178 4299 294 4382; x_wconf 79' lang='lat' dir='ltr'><strong>Tangit</strong></span> <span class='ocrx_word' id='word_1_232' title='bbox 335 4300 350 4363; x_wconf 94' lang='lat' dir='ltr'><strong>t</strong></span> <span class='ocrx_word' id='word_1_233' title='bbox 371 4299 419 4364; x_wconf 90' lang='lat' dir='ltr'><strong>ira</strong></span> <span class='ocrx_word' id='word_1_234' title='bbox 442 4298 525 4364; x_wconf 90' lang='lat' dir='ltr'><strong>deos.</strong></span> <span class='ocrx_word' id='word_1_235' title='bbox 568 4286 624 4364; x_wconf 84' lang='lat' dir='ltr'><strong>‘At</strong></span> <span class='ocrx_word' id='word_1_236' title='bbox 646 4317 710 4364; x_wconf 88' lang='lat' dir='ltr'><strong>non</strong></span> <span class='ocrx_word' id='word_1_237' title='bbox 731 4299 860 4382; x_wconf 89' lang='lat' dir='ltr'><strong>impuno</strong></span> <span class='ocrx_word' id='word_1_238' title='bbox 883 4298 1034 4380; x_wconf 86' lang='lat' dir='ltr'><strong>feremus,</strong></span> 
     </span>
    </p>
   </div>
   <div class='ocr_carea' id='block_1_4' title="bbox 0 0 1438 4710">
    <p class='ocr_par' dir='ltr' id='par_1_16' title="bbox 0 0 1438 4710">
     <span class='ocr_line' id='line_1_38' title="bbox 0 0 1438 4710; baseline 0 0"><span class='ocrx_word' id='word_1_239' title='bbox 0 0 1438 4710; x_wconf 95' lang='lat' dir='ltr'><strong> </strong></span> 
     </span>
    </p>
   </div>
  </div>
 </body>
</html>
