2858 4710
219 283 281 341 164
611 248 683 347 Aper
700 275 864 346 Calydonius.
900 276 1037 346 Meleager.

216 442 269 499 080
306 453 449 518 quaeque
471 435 685 515 inhonoratam,
707 457 771 503 non
793 440 826 503 01
849 437 989 503 dicemur
1012 426 1144 504 inultao'

305 541 418 624 inquit,
442 543 474 607 et
497 542 619 611 Oeneos
642 545 779 610 ultorem
802 547 909 628 spreta
931 565 987 629 per
1011 564 1101 628 agros

305 648 393 712 misit
417 667 538 732 aprum,
563 652 681 732 quanto
703 652 838 716 maiores
861 652 992 716 herbida
1014 654 1124 718 tauros
1273 731 1279 741 ι

306 755 487 820 nonhabet
509 756 629 839 Epiros,
653 757 710 821 sed
731 758 850 823 habent
874 757 981 823 Sicula
1004 777 1080 824 arva
1102 759 1250 824 minores.

217 869 271 924 084
308 861 467 944 Sanguine
491 864 525 927 01
546 863 618 945 igne
640 864 760 928 micant
783 865 873 941 oculi,
895 865 978 947 riget
999 864 1127 930 horrida
1149 867 1262 944 cervix,

219 975 272 1030 087
308 967 429 1032 fervida
451 988 524 1033 oum
546 987 641 1034 rauco
664 970 746 1034 latos
770 970 904 1035 stridore
926 991 983 1055 per
1007 990 1111 1037 armos

306 1093 421 1158 spuma
443 1075 524 1154 fluit,
545 1075 656 1141 dentes
681 1079 858 1160 aequantur
881 1078 1028 1144 dentibus
1051 1078 1149 1157 Indis,

306 1182 428 1249 fulmen
451 1183 490 1249 ab
513 1202 565 1248 ore
588 1184 683 1261 venit,
706 1184 831 1250 frondes
856 1185 1025 1250 adflatibus
1048 1185 1169 1250 ardent.

218 1298 272 1354 000
306 1291 340 1356 10
362 1291 454 1356 modo
478 1292 653 1356 crescentes
678 1292 801 1374 segetes
823 1293 986 1376 proculcat
1008 1292 1042 1355 iu
1063 1293 1170 1371 herba,

305 1417 391 1463 nunc
413 1400 541 1463 matura
563 1399 656 1463 metit
678 1397 785 1463 fleturi
807 1401 881 1463 vota
903 1399 1005 1464 coloni

307 1506 340 1569 ot
362 1504 510 1569 Cererem
531 1505 565 1569 iu
587 1506 681 1588 spicis
703 1506 871 1588 intercipit.
916 1507 1000 1570 Area
1022 1494 1142 1573 frustra

308 1611 341 1675 01
362 1610 482 1675 frustra
505 1612 689 1694 exspectant
711 1612 883 1695 promissas
905 1613 1018 1677 horrea
1040 1632 1170 1680 messes.

309 1717 503 1782 Sternuntur
526 1718 646 1800 gravidi
668 1719 761 1801 longo
785 1738 860 1783 eum
880 1720 1012 1802 palmite
1035 1719 1121 1785 fetus
1150 1729 1151 1732 ’

218 1831 271 1889 000
307 1825 448 1906 bacaque
472 1844 545 1890 oum
567 1825 664 1889 ramis
688 1844 813 1909 semper
834 1825 1009 1891 frondentis
1033 1826 1142 1892 olivae.

309 1930 417 1997 Saevit
440 1932 527 1997 etin
549 1932 704 2016 pecudes:
727 1953 791 1998 non
812 1934 872 1998 has
894 1936 1041 2017 pastorve
1065 1934 1200 2012 canisve,

306 2057 370 2103 non
393 2041 538 2103 armenta
559 2040 666 2105 truces
689 2042 822 2123 possunt
845 2039 1012 2105 defendere
1035 2041 1129 2104 tauri.

394 2144 575 2228 Diffugiunt
596 2146 704 2230 populi
726 2165 786 2212 nce
809 2165 842 2212 se
864 2147 927 2211 nisi
948 2148 1113 2212 moenibus
1135 2147 1223 2212 urbis

308 2271 376 2317 esse
399 2254 516 2336 putant
537 2255 634 2331 tutos,
657 2252 755 2319 donec
777 2254 953 2336 Meleagros
977 2256 1009 2318 01
1031 2260 1095 2318 una

219 2367 271 2422 300
306 2360 390 2424 10010
411 2379 526 2424 manus
548 2360 699 2424 iuvenum
722 2360 823 2424 coiere
847 2360 991 2443 cupidine
1013 2360 1135 2425 laudis:

300 2465 507 2548 Tyndaridae
530 2466 655 2548 gemini,
679 2468 840 2549 spectatus
863 2468 1021 2532 caestibus
1046 2467 1134 2543 alter,

309 2572 389 2636 alter
413 2591 502 2655 equo,
524 2573 708 2656 primaeque
731 2575 810 2638 ratis
833 2575 961 2640 molitor
981 2574 1084 2653 Iason,

309 2680 438 2744 etcum
459 2679 608 2758 Pirithoo,
630 2680 705 2745 felix
728 2682 900 2760 concordia,
923 2682 1080 2757 Th0seus;
1237 2754 1240 2761 ⁶

309 2787 341 2850 et
364 2785 426 2851 duo
449 2786 636 2852 Thestiadae
658 2789 825 2871 prolesque
847 2790 1016 2872 Aphareia,
1038 2788 1192 2872 Lynceus,

219 2899 272 2956 305
309 2894 342 2957 et
364 2894 453 2958 velox
474 2894 558 2973 Idas,
581 2896 613 2960 et
634 2895 700 2960 iam
721 2914 785 2960 non
806 2894 925 2960 femina
947 2895 1090 2960 Caeneus

308 3000 549 3085 Leucippusque
572 3001 658 3066 feror
680 3003 845 3084 iaculoque
867 3002 1001 3085 insignis
1023 3003 1160 3066 Acastus

309 3106 572 3190 Hippothousque
595 3108 762 3192 Dryasque
786 3110 819 3174 01
842 3110 949 3174 cretus
972 3109 1146 3190 Amyntore
1168 3106 1321 3187 Phoenix,

309 3213 539 3295 Actoridaeque
562 3233 654 3299 pares
678 3217 710 3282 et
732 3215 849 3280 missus
873 3217 912 3282 ab
935 3214 1024 3280 Elide
1047 3213 1196 3297 Phyleus.

311 3319 377 3386 Nec
399 3321 552 3386 Telamon
575 3322 684 3386 aberat
706 3323 878 3404 magnique
902 3323 1024 3388 creator
1045 3321 1187 3399 Achillis,
1299 3339 1301 3353 ¹

220 3435 293 3491 310
310 3446 445 3511 eumque
468 3427 655 3493 Pheretiade
679 3430 712 3493 01
733 3429 880 3512 Hyanteo
902 3428 988 3494 Iolao

309 3534 445 3618 impiger
467 3536 632 3620 Eurytion,
656 3537 688 3600 et
712 3555 808 3600 cursu
829 3536 966 3601 invictus
994 3535 1120 3612 lichion,

309 3640 529 3725 Naryciusque
551 3643 647 3708 Lelex
668 3643 898 3726 Panopeusque
921 3642 1107 3726 Hyleusque
1130 3640 1279 3723 feroxque

308 3747 469 3832 Hippasus
494 3750 526 3815 et
547 3750 658 3833 primis
682 3750 857 3815 etiamnum
880 3749 997 3814 Nestor
1019 3747 1053 3812 in
1076 3748 1175 3826 annis,

309 3856 341 3918 et
364 3862 442 3938 quos
465 3856 648 3940 Hippocoon
671 3857 809 3938 antiquis
832 3855 921 3920 misit
942 3856 1092 3938 Amyohs‚

221 4069 433 4079 ...——-—

432 4211 485 4267 285
504 4211 647 4279 [elaeatae
666 4211 762 4265 similes
781 4211 872 4280 rigidis
890 4209 1031 4264 hastilibus
1049 4209 1157 4263 horrent

432 4301 485 4357 286
504 4303 628 4370 stantque
646 4300 719 4354 velut
735 4301 841 4367 vallum,
859 4298 932 4353 velut
949 4299 1005 4352 alta
1022 4297 1130 4351 hastilia
1148 4295 1248 4364 saetae]
