2858 4710
500 264 557 319 Iib.
574 265 622 333 IX,
640 283 664 320 r.
682 266 833 322 sss-459.

148 425 276 491 Iasiona
299 424 404 503 Cerea,
426 427 599 510 repetitum
620 426 776 492 Mulciber
798 445 914 492 aarum

149 533 251 616 poscit
273 532 487 598 Erichthonio.
532 532 692 599 Venerem
715 552 841 616 qnoque
864 554 941 600 cura
962 534 1064 600 futuri

62 646 115 702 425
150 640 264 723 tangit,
287 640 321 704 et
341 639 499 704 Anchisae
522 658 675 706 renovare
697 641 868 724 paciscitur
890 660 1015 721 annos„

151 744 210 812 Cui
232 744 370 823 studeat,
392 745 472 810 dens
495 747 597 811 omnis
619 747 726 824 habet,
749 747 925 830 crescitque
946 747 1052 814 favore

150 852 278 918 turbida
300 851 422 930 seditio,
445 853 544 918 donec
565 870 625 918 sua
645 852 791 937 Iuppiter
813 872 869 919 ora

152 960 245 1025 solvit
268 960 302 1024 et
321 946 353 1025 ‘o
375 960 477 1024 nostri
499 961 593 1042 siqua
615 961 665 1025 est
686 947 884 1038 reverentia,
907 960 986 1025 dixit

149 1053 363 1148 ε4444411141
409 1064 588 1133 Tantumne
611 1066 727 1149 aliquis
750 1067 811 1132 sibi
832 1085 925 1150 posse
947 1067 1082 1148 ridetur,

67 1180 118 1236 434
152 1171 220 1237 fata
242 1190 369 1256 qnoque
392 1175 431 1238 ut
453 1175 605 1257 superet?
649 1174 740 1238 Fatis
761 1172 871 1238 Iolaus
892 1173 926 1237 in
949 1193 1057 1254 annos,

97 1367 98 1370 Ἴ
154 1297 233 1361 quos
257 1281 331 1363 egit,
354 1280 457 1360 rediit,
481 1280 557 1345 fatis
580 1281 783 1346 iuvenescere
806 1281 923 1346 debent

153 1384 310 1452 Callirhoe
334 1387 441 1470 geniti,
462 1406 527 1452 non
550 1388 722 1453 ambitione
742 1406 803 1452 neo
825 1388 932 1462 armis.

152 1492 219 1559 Vos
242 1494 348 1572 etiam,
372 1512 497 1577 quoque
519 1495 580 1559 hoo
602 1495 708 1560 animo
728 1495 857 1568 meliore
880 1493 1000 1572 feratis,

152 1618 204 1664 me
228 1618 353 1682 quoqne
376 1600 444 1666 fata
466 1603 592 1685 regunt
638 1599 727 1681 Quae
750 1602 779 1666 si
800 1602 926 1666 mutare
949 1601 1098 1680 valerem,

70 1711 118 1767 435
153 1724 212 1770 neo
233 1710 382 1773 nostrum
405 1709 469 1773 seri
491 1710 661 1774 curvarent
682 1711 808 1773 Aeacon
832 1708 916 1787 anni,
957 1776 960 1781 ,

153 1815 406 1896 perpetuumque
431 1814 500 1879 aeri
520 1814 633 1879 florem
655 1814 921 1879 Rhadamanthus
943 1815 1076 1880 haberet

155 1938 228 1987 cum
249 1921 354 1986 Minoe
376 1940 457 1999 meo,
480 1921 535 2003 qui
556 1922 685 2005 propter
708 1939 817 1986 amara
840 1921 985 1993 senectae

153 2026 293 2117 pondera
316 2028 488 2112 despicitur
509 2047 569 2093 neo
592 2046 654 2109 quo
676 2028 765 2111 prins
788 2026 896 2101 ordine
919 2013 1049 2109 regnat'

242 2133 338 2199 Dicta
359 2134 444 2199 Iovis
466 2153 593 2200 movere
618 2134 701 2212 deos,
724 2153 782 2200 nec
805 2134 943 2198 sustinet
965 2134 1061 2212 nllus,

69 2245 120 2302 440
156 2257 230 2304 cum
251 2241 358 2306 rideat
380 2241 481 2307 fessos
503 2241 773 2306 Rhadamanthon
796 2242 832 2317 et¹
850 2241 977 2306 Aeacon
1000 2240 1092 2306 annis

156 2347 188 2410 et
209 2347 326 2426 Minoa,
351 2350 448 2431 queri.
494 2347 566 2428 Qui,
588 2347 665 2413 dnm
687 2347 748 2412 fuit
771 2347 895 2430 integer
918 2348 996 2426 aevi,
1099 2420 1101 2424 ,

154 2453 314 2520 terruerat
335 2474 469 2538 magnas
491 2456 562 2540 ipso
584 2474 710 2538 quoque
732 2454 860 2520 nomine
884 2456 1005 2538 gentes.

156 2559 244 2626 Tunc
267 2565 336 2627 erat
357 2562 515 2629 invalidus
537 2563 778 2644 Deionidenque
800 2563 949 2627 iuventae

155 2667 265 2733 robore
288 2669 437 2734 Miletum
458 2670 647 2752 Phoeboque
669 2671 801 2753 parents
825 2670 998 2753 superbum

69 2778 120 2834 445
155 2774 338 2857 pertimuit;
361 2777 556 2859 credensque
580 2777 645 2841 suis
668 2777 832 2858 insurgere
856 2775 970 2857 regnis,

155 2880 242 2944 haud
265 2883 374 2948 tamen
398 2885 447 2948 est
469 2882 582 2966 patriis
605 2900 711 2948 arcere
733 2881 902 2965 penatibus
926 2899 1033 2944 ausus.

246 2987 365 3072 Sponte
388 2988 481 3072 fugis,
503 2989 623 3067 Mileto,
645 2991 711 3066 tua,
734 2988 891 3069 celerique
915 2987 1022 3052 carina

155 3094 299 3177 Aegaeas
321 3097 444 3162 metiris
468 3114 568 3178 aquas
592 3097 625 3160 et
646 3096 680 3159 in
701 3095 798 3160 Aside
822 3096 908 3167 terra

156 3203 282 3268 moenia
305 3203 472 3268 constituis
494 3203 643 3286 positoris
665 3202 816 3267 habentia
837 3220 962 3268 nornen.

69 3313 121 3370 450
156 3307 218 3374 Hic
240 3310 307 3389 tibi,
330 3311 407 3374 dum
430 3310 575 3392 sequitur
596 3309 719 3393 patriae
742 3309 927 3384 curvamina
948 3308 1045 3392 ripae,

157 3415 223 3481 filia
245 3416 409 3482 Maeandri
431 3417 549 3481 totiens
572 3416 735 3481 redeuntis
759 3415 870 3480 eodem

158 3523 285 3604 cognita
309 3523 444 3608 Cyanee,
466 3523 643 3607 praestanti
666 3541 797 3606 corpora
818 3521 929 3599 torma,

157 3628 295 3712 Byblida
318 3650 391 3695 oum
415 3630 533 3707 Cauno,
555 3629 677 3712 prolem
700 3631 750 3693 est
773 3629 864 3694 enixa
887 3628 1064 3709 gemebam.

157 3734 270 3819 Byblis
293 3737 327 3801 in
350 3738 491 3821 exemplo
516 3737 573 3814 est,
596 3738 635 3801 ut
658 3737 766 3800 ament
789 3753 939 3800 concessa
960 3735 1101 3818 puellae:

70 3845 123 3902 455
157 3842 269 3926 Byblis
291 3844 448 3928 Apollinei
471 3844 614 3927 correpta
637 3842 782 3926 cupidine
805 3841 914 3906 fratris

158 3968 222 4014 non
245 3969 332 4015 soror
354 3953 392 4015 ut
413 3949 556 4028 tratrem,
578 3969 638 4015 neo
662 3968 726 4031 qua
749 3949 893 4026 debebat,
916 3947 1043 4013 amavit.

159 4056 220 4131 Illa
244 4058 373 4140 quidem
394 4050 496 4141 primo
519 4058 624 4125 nullos
646 4056 804 4139 intellegit
826 4055 915 4136 ignea

159 4182 218 4230 nec
239 4182 370 4248 peccare
392 4166 496 4248 putat,
520 4163 604 4245 quod
627 4163 753 4247 saepius
777 4162 885 4228 oscula
907 4160 1029 4243 iungat,

162 4271 246 4356 quod
269 4291 328 4337 sua
350 4272 489 4336 fraterno
513 4270 687 4336 circumdet
709 4269 856 4343 bracchia
879 4267 967 4346 collo,

1024 4373 1084 4426 hb*
