2858 4710
167 280 229 340 182
615 272 744 328 Achelous
762 275 790 328 et
806 272 940 328 Hercules.

184 442 218 498 25
254 434 368 500 Matris
391 433 545 499 adulterio
566 435 691 518 patrem
712 433 804 517 petis.
848 434 948 516 Elige,
969 433 1081 500 fictum

255 559 324 607 esse
346 540 454 607 Iouem
476 541 579 620 malis,
603 559 644 605 an
666 540 699 604 te
720 559 778 624 per
801 539 936 606 dedecus
959 542 1091 606 ertum.“

342 647 432 713 Talia
454 647 611 712 dicentem
632 645 819 711 iamdudum
839 647 959 712 lumine
982 648 1071 713 torvo

255 754 378 838 spectat
401 755 434 820 et
456 772 605 819 accensae
627 771 691 818 non
713 751 839 818 fortiter
861 753 1085 837 imperatirae

252 861 410 943 verbaque
422 859 482 926 'tet
503 860 623 927 reddit:
648 860 781 939 „Melior
802 860 882 925 mihi
905 859 1033 927 dextera
1054 861 1172 944 lingua.

184 974 223 1031 30·
254 966 434 1032 Dummodo
456 966 625 1051 pugnando
649 984 805 1050 superem,
827 968 865 1032 tu
887 967 976 1033 vince
998 966 1191 1050 loquend0“,

255 1073 518 1156 congrediturque
541 1073 636 1138 ferox.
680 1072 801 1139 Puduit
822 1072 915 1138 medo
936 1092 1055 1156 magna
1076 1075 1223 1140 locutum

255 1178 381 1245 cedere:
408 1179 502 1245 reieci
523 1179 656 1245 viridem
679 1178 717 1244 de
741 1198 868 1271 corpere
891 1182 1013 1246 uestem

254 1284 464 1368 bracchiaque
488 1286 619 1370 opposui
641 1285 793 1368 tenuique
818 1287 984 1370 spectore
1006 1305 1099 1352 varas

254 1392 288 1457 in
310 1392 446 1458 statione
468 1410 583 1458 manus
608 1394 640 1458 et
661 1410 787 1476 pugnae
809 1393 953 1458 membra
974 1393 1093 1477 paravi.

184 1506 219 1562 35
255 1497 314 1564 Ille
338 1499 422 1564 caris
444 1499 560 1564 hausto
583 1498 705 1582 spargit
726 1516 777 1563 me
799 1499 928 1582 puluere
950 1499 1065 1583 palmis

253 1604 350 1687 inque
372 1604 474 1673 vicem
495 1603 600 1669 fulvae
623 1605 712 1669 tactu
734 1602 877 1669 flavescit
898 1605 1044 1669 harenae.

252 1710 297 1776 Et
318 1709 411 1776 modo
434 1710 595 1789 ceruicem,
616 1709 710 1775 modo
733 1728 825 1775 creua
846 1710 997 1776 micantia
1020 1712 1136 1796 captat,

255 1818 312 1883 aut
334 1817 461 1901 captare
481 1818 585 1901 putes,
603 1816 756 1899 ¹omnique
777 1835 799 1881 a
820 1818 911 1901 parte
933 1817 1070 1883 lacessit.

254 1924 307 1990 hle
329 1942 402 1990 mea
424 1922 565 1990 defendit
586 1923 726 2007 gravitas
748 1922 930 2006 frustraque
952 1925 1092 2007 petebm,

183 2039 219 2094 40
253 2030 341 2096 haud
364 2049 454 2096 secus
473 2049 515 2096 :aa
536 2031 645 2109 moles,
668 2049 765 2112 quam
786 2048 901 2112 magne
923 2049 1086 2095 murmure
1109 2029 1230 2096 fluetus

256 2138 456 2222 oppugnant:
473 2138 589 2202 manet
610 2136 667 2200 illa
689 2154 809 2218 sueque
833 2138 883 2201 est
904 2135 1040 2220 pondere
1062 2138 1142 2201 tuta.

253 2243 458 2327 Digredimur
478 2243 611 2328 paulum
633 2260 807 2324 musasque
831 2243 872 2307 ad
892 2243 977 2307 bella
999 2243 1128 2321 coimus,

254 2350 350 2433 inque
374 2350 475 2433 gradu
498 2350 655 2427 stetimus,
678 2349 756 2414 certi
777 2367 841 2413 non
863 2348 990 2424 eedere3
1014 2351 1145 2432 eratque

255 2476 328 2522 cum
350 2455 430 2540 pede
452 2474 508 2539 pes
531 2455 668 2533 iunctus,
690 2456 821 2537 tuteque
844 2473 901 2537 ego
922 2458 1048 2540 pectore
1071 2475 1194 2540 pronus

184 2572 219 2628 45
256 2565 289 2629 et
312 2562 427 2645 digitos
451 2561 558 2644 digitis
582 2562 615 2626 et
637 2561 775 2626 frontem
796 2561 899 2627 trente
921 2564 1113 2646 premebam.

254 2668 327 2735 Non
350 2667 442 2733 aliter
463 2667 528 2733 uidi
549 2668 646 2733 fortes
669 2686 853 2734 concurrere
875 2670 994 2749 tanum,

255 2795 329 2842 cum
350 2774 490 2859 pretium
511 2793 637 2859 pugnae
659 2776 727 2840 tote
749 2775 941 2841 nitidissima
964 2778 1050 2843 saltu

256 2882 413 2967 expetitur
436 2881 587 2947 coniunx:
614 2882 760 2966 spectant
783 2884 928 2947 armenta
949 2884 1128 2966 paventque

253 2989 369 3068 nescia,
393 3007 490 3071 quem
509 2990 639 3054 maneat
660 2988 744 3054 tanti
765 2988 897 3055 victoria
918 2991 1016 3072 regni.

182 3105 219 3167 50
254 3096 315 3161 Ter
338 3095 404 3160 sine
426 3093 570 3178 profectu
591 3094 693 3160 voluit
713 3095 848 3161 nitentia
871 3097 980 3162 contra

255 3202 372 3266 reicere
394 3199 520 3266 Alcides
544 3219 563 3265 a
586 3219 619 3266 se
641 3219 714 3266 mea
735 3203 881 3285 pectera3
904 3203 1018 3284 quarto

256 3307 376 3374 excutit
399 3307 561 3390 amplexus
585 3305 785 3389 adductaque
807 3308 954 3373 bracchia
977 3308 1080 3387 solvit,

255 3414 492 3499 impulsumque
515 3431 614 3478 manu
637 3413 774 3497 (certum
797 3415 848 3479 est
869 3413 949 3478 mihi
969 3433 1045 3480 vera
1067 3412 1176 3498 fateri)

254 3521 399 3607 pretinm
419 3521 538 3586 avertit
559 3521 711 3602 tergoque
735 3538 885 3586 onerosus
907 3521 1052 3586 inhaesit.

184 3640 220 3695 55
257 3628 357 3712 Siqua
378 3626 457 3693 fides
481 3627 596 3712 (neque
620 3628 705 3692 enim
726 3625 801 3692 fieta
822 3627 903 3692 mihi
925 3627 1025 3710 gloria
1046 3645 1121 3693 uoce

255 3733 441 3819 quaeritur),
462 3734 610 3817 imposito
632 3752 761 3818 pressus
783 3734 863 3798 mihi
884 3735 991 3799 monte
1014 3733 1154 3800 videbar..

254 3842 317 3908 Vix
340 3843 449 3908 tamen
470 3841 591 3906 inserui
614 3840 727 3905 sudore
749 3839 881 3905 fluentia
902 3839 1005 3904 multo

254 3948 410 4027 bracchia,
432 3948 485 4013 vix
507 3947 587 4012 solvi
609 3946 704 4011 duros
728 3963 747 4011 a
770 3963 896 4029 corpore
918 3963 1036 4010 nexus:

253 4056 354 4121 instat
378 4054 540 4120 anhelanti
561 4054 769 4138 prohibetque
791 4070 951 4117 resumere
974 4052 1066 4130 vires,

183 4174 219 4229 60
255 4165 288 4230 et
311 4161 430 4229 cervice
452 4179 525 4226 mea
547 4160 700 4244 potitur.‘
723 4160 805 4224 Tum
829 4157 964 4240 denique
986 4159 1083 4224 tellus

254 4287 366 4355 pressa
388 4286 472 4352 genu
493 4268 602 4332 nostro
626 4269 684 4346 est,
700 4268 740 4332 -et
761 4267 897 4331 harenas
921 4284 973 4331 ere
996 4264 1163 4332 momordi.
