2858 4710
504 284 560 339 Lib.
578 283 624 352 IX,
643 302 667 339 v.
685 285 834 340 alc-387.

148 444 323 510 haeserunt
345 444 450 510 radice
472 445 578 528 pedes.
624 444 804 512 Convellere
827 447 958 529 pugnat,

147 569 208 616 neo
231 551 402 633 quicquam
423 551 485 615 nisi
508 570 634 616 summa
656 553 772 617 movet.
817 550 995 617 Snccresoit
1018 553 1057 618 ab
1079 552 1143 619 imo

148 659 280 740 totaque
303 657 460 741 paulatim
481 658 588 723 lentus
610 658 728 742 premit
750 658 881 740 inguina
903 660 1017 724 cortex.

149 765 196 831 Ut
217 765 306 842 vidit,
329 765 442 827 conata
464 781 562 828 manu
584 764 703 829 laniare
728 764 866 848 capillos,

55 878 112 935 355
149 870 259 937 fronde
282 889 415 935 manum
437 869 599 954 implerit:
621 870 748 936 frondes
772 873 868 955 caput
891 890 982 937 omne
1005 872 1165 938 tenebant.

148 979 193 1042 At
214 996 293 1061 puer
315 976 507 1060 Amphissus
531 976 680 1061 (namque
703 977 763 1042 hoo
785 996 863 1042 arus
886 978 1027 1062 Eurytus
1049 979 1097 1044 1111

149 1084 315 1149 addiderat
336 1082 464 1167 nomen)
487 1086 632 1148 matema
654 1084 809 1167 rigescere
833 1085 931 1150 sent't

148 1191 256 1269 ubera,
278 1209 336 1255 nec
360 1190 505 1272 sequitur
528 1190 698 1255 ducentem
719 1192 842 1256 lacteus
865 1209 966 1255 umor.

239 1296 417 1381 Spectatrix
440 1297 570 1361 aderam
591 1296 650 1361 fati
672 1297 808 1362 crudelis
832 1315 986 1381 opemque

55 1412 113 1468 360
148 1423 212 1468 non
234 1405 380 1487 poteram
402 1404 461 1469 tibi
483 1402 575 1482 ferre3
598 1423 701 1480 soror;
726 1406 944 1487 quantumque
967 1404 1122 1483 valebam,

149 1512 344 1576 crescentem
367 1513 520 1576 truncum
540 1529 708 1594 ramosque
733 1512 876 1595 amplexa
898 1511 1046 1576 morabar

149 1619 191 1696 55,
213 1617 323 1695 fateor,
344 1618 431 1682 volui
454 1619 513 1683 sub
536 1618 648 1683 eodem
671 1619 785 1684 cortice
809 1618 909 1683 condi.

146 1724 227 1789 Ecce
250 1724 298 1788 vir
319 1724 522 1789 Andraemon
544 1725 731 1807 genitorque
753 1724 950 1790 miserrimus
974 1724 1091 1789 adsunt

149 1831 182 1895 et
205 1832 363 1912 quaerunt
384 1831 551 1914 Dryopen:
574 1831 724 1915 Dryopen
747 1831 972 1913 quaerentibus
994 1830 1057 1895 illis

55 1943 110 1999 365
147 1937 272 2001 ostendi
294 1938 390 2001 loton.
435 1936 551 2021 Tepido
575 1936 653 2002 dant
676 1938 784 2002 oscula
805 1937 891 2020 ligno

84 2107 86 2113 .
146 2042 314 2126 adfusique
338 2061 414 2108 snae
437 2043 596 2108 radicibus
619 2043 739 2108 arboris
761 2043 902 2108 haerent.

146 2149 202 2214 Nil
223 2150 286 2214 nisi
308 2149 373 2214 iam
395 2148 519 2228 faciem,
542 2149 626 2232 quod
647 2169 711 2214 non
732 2149 815 2214 foret
838 2150 939 2228 arbor,
960 2149 1099 2215 5555555

146 2274 220 2320 cara
244 2274 346 2320 soror:
369 2255 519 2321 lacrimae
541 2256 657 2321 misero
680 2255 719 2321 de
742 2274 869 2340 corpore
892 2254 985 2321 factis
1064 2306 1067 2311 .

146 2362 290 2427 inrorant
312 2361 404 2440 foliis,
428 2363 469 2441 et,
493 2361 570 2428 dum
591 2363 667 2428 licet
689 2381 807 2446 oraque
829 2364 995 2446 praestant

56 2475 109 2531 370
146 2469 231 2534 vocis
253 2469 324 2547 iter,
345 2470 427 2533 tales
451 2468 585 2534 effimdit
606 2470 640 2534 in
663 2474 737 2535 5555
761 2472 911 2552 questus:

234 2575 357 2657 „Siqua
379 2575 457 2640 fides
479 2576 614 2655 miseria,
635 2577 697 2643 hoc
718 2595 770 2642 me
792 2596 849 2660 per
869 2576 1002 2641 numina
1024 2575 1093 2642 iuro

145 2702 209 2747 non
231 2682 386 2747 meruisse
408 2682 516 2747 nefas:
539 2683 642 2766 patior
666 2683 732 2748 sine
756 2683 886 2748 crimine
909 2701 1054 2766 poenam.

145 2789 291 2854 Viximus
314 2789 485 2854 innocuae:
509 2789 537 2853 si
558 2790 704 2868 mentior,
728 2789 817 2854 arida
838 2788 970 2872 perdam

147 2913 227 2976 quas
249 2895 350 2959 habeo
372 2894 499 2960 frondes
523 2896 557 2960 et
578 2913 670 2960 55555
693 2895 856 2960 securibus
879 2912 963 2958 urar.

55 3007 108 3062 375
144 3000 240 3067 Hunc
262 3003 372 3066 tamen
394 3001 550 3066 infantem
572 3001 726 3067 maternis
750 3001 865 3066 demite
888 3001 985 3066 ramis

146 3109 179 3171 et
202 3106 274 3172 date
297 3108 431 3183 nutrici;
453 3110 626 3191 nostraque
650 3108 708 3172 555
732 3109 843 3173 arbore
866 3126 960 3191 saepe

145 3213 196 3278 lac
218 3212 348 3279 facitote
370 3215 459 3279 bibat
480 3216 652 3297 nostraque
676 3215 736 3280 sub
760 3215 869 3280 arbore
892 3214 992 3278 ludat.

146 3318 291 3402 Cumque
313 3321 402 3403 loqui
422 3321 548 3405 poterit,
570 3324 707 3387 matrem
730 3321 860 3387 facitote
884 3322 1011 3399 5515555,

147 3427 180 3489 55
202 3425 304 3491 tristis
329 3426 413 3492 dicat
435 3428 548 3505 ‚,‚latet
569 3428 630 3493 hoc
652 3428 686 3492 in
708 3428 815 3512 stipite
838 3429 976 3492 5555551*ι

55 3538 108 3594 380
146 3530 268 3615 Stagna
290 3534 399 3598 tamen
423 3533 537 3598 timeat
559 3552 618 3599 nec
640 3537 751 3618 carpat
774 3535 812 3599 ab
837 3534 946 3599 arbore
969 3531 1072 3612 fiores,
1195 3571 1198 3576 -

145 3640 178 3703 et
200 3638 331 3704 frutices
355 3658 463 3705 omnes
487 3658 599 3722 corpus
622 3642 715 3724 putet
738 3658 806 3705 esse
830 3641 971 3705 dearum.

145 3743 225 3810 Care
248 3746 318 3810 vale
342 3746 484 3824 coniunx,
508 3748 609 3825 altu,
632 3765 791 3828 germana,
814 3747 983 3830 paterque!

145 3850 218 3930 Qui,
241 3851 333 3934 siqua
356 3852 406 3915 est
427 3852 539 3935 pietas,
563 3852 602 3917 ab
626 3853 738 3917 acutae
761 3854 891 3918 vulnere
914 3850 1014 3929 falcis,

8 3966 12 3981 ·
146 3976 164 4021 5
186 3958 307 4042 pecoris
329 3976 441 4022 morsu
463 3957 589 4024 frondes
613 3958 770 4024 defendite
793 3961 929 4024 nostras.

51 4070 107 4126 385
144 4064 187 4128 Et
210 4065 359 4146 quoniam
380 4064 460 4129 mihi
482 4064 530 4130 fas
554 4065 671 4132 advos
693 4066 875 4132 incumbere
897 4084 961 4129 non
984 4065 1043 4142 est,

144 4170 255 4252 erigite
277 4171 341 4236 huc
364 4172 453 4236 artus
477 4173 510 4236 et
533 4170 574 4235 ad
597 4172 705 4237 oscula
726 4173 837 4236 nostra
858 4171 973 4248 venite,

145 4276 222 4342 dum
245 4278 334 4360 tangi
355 4279 498 4362 possunt,
520 4296 717 4362 parvumque
741 4278 876 4343 attollite
898 4278 1022 4343 natum.

107 4380 208 4452 Oura,
226 4383 352 4440 Murmur.
388 4383 439 4452 (Τ.)
1036 4381 1082 4434 lb
