2910 4710
520 228 870 317 mmwffla‘
1227 260 1288 319 ma

247 409 356 491 Longa
378 408 439 474 luit
461 410 558 474 medii
579 429 669 475 mora
691 411 853 494 temporis,
876 413 1009 493 actaque
1031 411 1140 494 magni

70 522 124 579 135
159 514 306 580 Herculis
328 515 500 599 implerant
522 517 624 582 terras
647 517 817 599 odiumque
840 536 1001 583 novercae.

159 620 271 687 Victor
294 622 333 686 ab
358 621 508 687 Oechalia
531 621 654 689 Cenaeo
677 641 767 688 sacra
789 624 923 706 parabat

159 729 234 791 rota
255 726 332 806 Iovi,
355 746 428 792 curn
450 727 537 793 fama
559 729 676 812 loquax
696 730 870 813 praecessit
893 729 932 794 ad
956 748 1057 808 aures,

159 832 320 912 Deianira,
343 835 426 913 tuas,
450 853 530 917 quae
553 835 636 901 reris
659 835 773 901 addere
796 835 878 900 laisa

161 939 281 1022 gaudet
304 941 337 1004 et
359 959 376 1005 1
398 940 530 1006 minimo
553 960 611 1006 sua
633 961 689 1026 per
711 942 877 1008 mendacia
900 944 1021 1020 arescit,

72 1052 127 1109 140
162 1045 469 1130 Amphitryoniaden
490 1048 573 1114 Ioles
597 1049 706 1114 ardore
729 1049 839 1114 teneri.

164 1150 273 1218 Credit
295 1171 416 1232 amans,
438 1155 625 1237 venerisque
648 1174 747 1220 norae
770 1156 940 1239 perterrita
961 1155 1048 1220 lama

161 1258 296 1324 indulsit
317 1260 420 1343 primo
443 1260 582 1327 lacrimis
604 1260 771 1343 flendoque
795 1261 934 1327 dolorem

162 1364 288 1431 diffudit
310 1366 490 1432 miseranda
513 1387 617 1433 suum.
661 1368 735 1434 Mox
758 1368 869 1433 deinde
891 1355 981 1450 ‘quid
1005 1369 1113 1432 autem

162 1460 314 1538 flemusl'
341 1475 386 1539 ait
405 1461 528 1558 ‘paelex
551 1475 690 1541 lacrimis
713 1476 886 1540 laetabitur
906 1475 987 1540 istis.

74 1583 127 1640 141
164 1576 252 1659 Quae
293 1580 442 1663 quoniam
476 1580 638 1660 adveniet,
677 1582 910 1666 properandum
952 1581 1134 1664 aliquidque
1175 1599 1294 1646 noran·

973 1687 1049 1752 dum
1077 1690 1135 1765 est,

163 1792 240 1858 dum
262 1793 337 1859 licet
359 1795 393 1858 et
414 1792 556 1858 nondum
578 1794 737 1859 thalamos
760 1796 849 1858 tenet
872 1794 973 1858 altera
994 1795 1129 1859 nostros.

163 1899 348 1982 Conquerar
371 1918 412 1964 an
436 1900 569 1965 sileam?
592 1900 749 1983 Repetam
771 1898 934 1982 Calydona
955 1902 1123 1964 morenae?

162 2004 322 2070 Excedam
345 2004 438 2071 tectis
462 2025 511 2084 an,
535 2006 562 2070 si
584 2006 664 2070 nihil
687 2007 833 2090 amplius,
856 2006 1003 2071 obstem?

164 2110 249 2191 Quid
271 2113 299 2178 si
319 2131 381 2190 1111,
402 2112 571 2196 Meleagro,
593 2115 685 2178 tuam
706 2131 828 2178 memor
851 2131 919 2178 esse
943 2131 1080 2177 sororem

73 2226 128 2283 110
163 2218 243 2283 forte
266 2237 342 2303 paro
365 2218 504 2298 facinus,
520 2223 740 2303 quantumque
763 2219 879 2284 iniuria
900 2219 1002 2303 possit

164 2325 382 2409 femineusque
407 2326 504 2405 dolor,
526 2328 671 2410 iugulata
692 2327 813 2411 paelice
836 2313 974 2391 testor?'

253 2433 293 2497 In
316 2452 428 2498 cursus
452 2433 577 2498 animus
600 2434 703 2500 111111
727 2433 809 2499 abit:
834 2432 978 2498 omnihus
1000 2431 1063 2496 illis

163 2539 318 2622 praetulit
339 2541 485 2605 inbutam
508 2540 629 2606 Nesseo
653 2541 805 2623 sanguine
828 2543 951 2606 restem

199 2645 300 2725 'ttere,
325 2665 406 2729 quae
428 2646 512 2712 vires
536 2646 656 2713 delecto
679 2646 793 2712 reddat
815 2647 924 2711 amori.

74 2757 128 2813 155
162 2750 341 2835 Ignaroque
364 2753 490 2831 Lichae,
514 2753 590 2835 quid
613 2753 721 2819 tradat
742 2754 987 2831 nescia,luctus

162 2856 233 2942 ipsa
256 2877 329 2923 snos
352 2858 452 2924 tradit
473 2859 661 2941 blandisque
685 2858 889 2944 (miserrima)
912 2858 1025 2936 verbis,

164 2963 246 3029 dona
269 2965 323 3030 det
345 2965 401 3030 illa
423 2965 499 3044 viro,
521 2965 663 3030 mandat.
709 2963 803 3049 Capit
824 2965 943 3030 inscius
966 2965 1058 3029 heros

163 3070 368 3155 induiturque
393 3071 512 3137 umeris
534 3071 695 3137 Lernaeae
718 3070 805 3136 virus
829 3070 989 3136 echidnae.

252 3179 336 3243 Tura
359 3177 457 3243 dabat
479 3178 589 3262 primis
613 3179 646 3243 et
667 3178 764 3244 rerha
785 3177 949 3261 precantia
971 3175 1109 3241 fiammis

74 3290 129 3346 160
163 3285 299 3367 vinaque
321 3304 517 3351 marmoreas
539 3289 652 3370 patera
673 3283 828 3350 fundebat
850 3285 885 3349 in
907 3302 996 3348 aras:

162 3390 295 3456 incaluit
318 3393 365 3458 ris
388 3393 445 3456 illa
466 3393 544 3458 mali
566 3393 769 3474 resolutaque
793 3389 932 3455 fiammis

163 3496 337 3564 Herculeos
361 3499 439 3565 abiit
460 3499 525 3563 late
549 3498 672 3582 dilapsa
693 3517 750 3582 per
773 3499 872 3563 artus.

163 3602 251 3670 Dum
272 3606 385 3688 potuit,
408 3606 502 3670 solita
525 3606 681 3688 gemitum
702 3604 821 3669 1111111
845 3603 1012 3687 repressit;

163 3712 248 3777 ricta
270 3711 364 3777 malis
386 3714 559 3796 postquam
582 3713 632 3776 cst
653 3709 816 3795 patientia,
839 3710 979 3794 reppulit
1002 3727 1073 3774 aras

76 3824 128 3881 165
165 3818 372 3902 implevitque
396 3819 463 3883 suis
484 3835 685 3883 nemorosam
707 3816 836 3882 rocibus
861 3814 971 3882 Oeten.

164 3925 232 3992 Nec
253 3944 351 4003 mora,
373 3924 533 3990 letiferam
556 3924 688 3990 conatur
711 3922 854 3988 scindere
877 3925 1016 3987 restem:

166 4051 230 4116 qua
252 4032 399 4110 trahitur,
422 4032 523 4096 trahit
544 4031 601 4095 illa
624 4031 739 4107 cutem,
761 4027 950 4110 foedumque
974 4028 1087 4104 relatu,

166 4141 223 4205 aut
244 4139 356 4204 haeret
378 4137 529 4203 memhris
552 4137 672 4202 1111111
695 4137 853 4219 temptata
875 4133 993 4212 revelli,

166 4245 364 4311 1111111111
388 4246 478 4312 11111
502 4245 535 4308 11
557 4242 689 4326 grandia
712 4242 832 4325 detegit
855 4259 936 4306 ossa.
