2858 4710
177 253 240 312 144
462 191 468 206 ι
516 241 624 298 Aeacus.
660 242 822 315 Pestilentia.
857 241 1041 311 Myrmidones.

262 405 509 486 muneribusque
532 403 606 468 deos
629 403 751 486 implet,
773 402 954 484 feriuntque
979 421 1104 468 secures

264 512 343 576 colla
365 512 472 575 torosa
493 510 591 574 boum
612 509 789 574 vinctorum
812 528 930 574 cornua
952 509 1051 574 011110.

174 627 228 682 430
263 618 381 682 Nullus
403 615 604 681 Erechthidis
626 615 728 679 fertur
751 616 936 680 celebratior
957 616 1012 680 illo

262 725 414 789 inluxisse
438 723 514 787 dics.
557 722 692 804 Agitant
714 722 856 786 convivia
878 723 986 805 patres

263 833 296 896 01
317 830 459 896 medium
480 829 604 910 ungue,
625 846 684 893 nec
705 847 769 892 non
792 830 824 893 01
847 828 996 906 carmina,
1017 828 1089 893 rino

263 937 426 1019 ingenium
448 933 593 1012 faciente,
617 936 752 999 canunt:
779 922 846 1012 <Το,
868 933 1003 999 maxime
1026 935 1158 1015 Theseu,

262 1044 380 1108 mirata
402 1043 451 1107 est
473 1041 643 1110 Marathon
665 1040 791 1107 Cretaei
814 1041 965 1123 sangnine
989 1041 1091 1117 tauri3

150 1145 227 1213 '435
265 1149 412 1232 quodque
436 1148 502 1213 suis
526 1167 656 1214 securus
680 1150 752 1212 arat
775 1147 952 1231 Cromyona
975 1149 1112 1227 colonus,

263 1275 381 1321 munus
405 1274 546 1340 opusque
569 1256 664 1320 tuum
687 1257 744 1320 001.
789 1255 896 1319 Tellus
918 1255 1091 1338 Epidauria
1113 1275 1169 1339 per
1192 1259 1230 1323 te

179 1401 182 1408 ·
264 1363 454 1445 clavigeram
476 1362 556 1427 vidit
577 1361 715 1426 Vulcani
737 1362 921 1426 occumbere
943 1362 1073 1444 prolem,

264 1468 343 1533 vidit
366 1469 398 1534 et
422 1469 429 1480 '
489 1468 566 1532 ’tem
589 1467 752 1554 Cephisias
776 1485 830 1531 ora
852 1466 1052 1546 Procrusten,

264 1573 432 1657 Cercyonis
455 1573 558 1638 letum
580 1573 661 1637 vidit
684 1571 822 1637 Cerealis
844 1572 984 1637 Eleusin.

174 1690 228 1746 440
265 1680 388 1747 0001111
410 1681 463 1745 illc
488 1679 580 1757 Sinis,
602 1680 727 1762 magnis
749 1679 833 1744 male
855 1679 974 1744 viribus
997 1698 1085 1758 usus,

266 1788 321 1871 qui
342 1788 469 1870 poterat
491 1804 622 1851 curvare
644 1786 752 1850 trabes
775 1787 808 1869 et
831 1787 946 1868 agebat
969 1787 1008 1850 ab
1032 1787 1096 1851 alto

267 1895 308 1959 ad
329 1895 450 1959 terram
472 1893 536 1958 1010
560 1910 726 1976 sparsuras
749 1910 880 1975 corpora
902 1893 1005 1976 pinus.

267 2002 369 2066 Tutus
393 2001 433 2065 ad
454 1999 640 2076 Alcathoen,
662 1999 813 2081 Lelegeia
833 1999 966 2077 moenia,
987 2000 1080 2064 limes

265 2108 437 2192 composito
462 2107 588 2172 Scirone
611 2107 710 2189 patet,
734 2107 914 2189 sparsisque
937 2107 1069 2172 latronis

175 2224 228 2280 445
265 2218 351 2280 terra
373 2215 470 2297 negat
493 2214 609 2291 sedem,
633 2213 741 2278 sedem
762 2215 859 2295 negat
881 2214 1004 2278 ossibus
1028 2214 1130 2289 unda;

265 2340 345 2404 quae
368 2322 488 2386 iactata
511 2320 566 2384 diu
587 2319 689 2384 fertur
713 2318 843 2383 durasse
865 2322 1010 2385 vetustas

265 2429 299 2493 in
322 2428 483 2511 scopulos:
507 2426 644 2509 scopulis
666 2444 783 2490 nomen
807 2424 944 2491 Scironis
967 2427 1120 2492 inhaeret.

266 2535 300 2600 Si
322 2535 433 2598 titulos
456 2551 618 2614 annosque
641 2533 713 2596 tuos
735 2550 904 2598 numerare
924 2534 1072 2611 00110000,

264 2641 350 2705 10010
372 2641 519 2724 premant
541 2657 648 2703 annos.
692 2638 754 2702 Pro
777 2641 819 2717 te,
841 2639 1021 2719 fortissime,
1043 2642 1118 2704 0010

173 2757 229 2814 450
264 2747 391 2832 publica
414 2746 612 2830 suscipimus,
635 2745 755 2810 Bacchi
775 2746 835 2811 tibi
858 2746 1014 2811 sumimus
1037 2734 1192 2812 haustus.³

354 2852 514 2919 Consonat
537 2853 675 2917 adsensu
697 2853 806 2936 populi
827 2853 1036 2936 precibusque
1058 2853 1225 2918 faventum

264 2961 360 3044 regia,
382 2979 441 3026 nec
463 2961 533 3024 tota
554 2958 656 3024 tristis
679 2959 768 3024 locus
791 2959 877 3024 ullus
900 2959 934 3023 in
955 2961 1033 3027 urbe
1057 2961 1116 3026 001.

690 3226 740 3287 41.
763 3222 900 3288 Aeacus.
933 3213 1130 3290 Pestilentia.
1165 3225 1394 3308 Myrmidones.

354 3383 422 3450 Nec
444 3386 553 3449 tamen
576 3383 689 3468 (usque
714 3383 791 3449 adeo
813 3385 903 3449 nulla
926 3388 976 3450 est
998 3385 1120 3451 sincera
1142 3387 1301 3470 voluptas,

268 3492 504 3573 sollicitumque
528 3491 648 3572 aliquid
669 3490 762 3555 laetis
784 3491 966 3576 intervenit)
988 3493 1115 3574 Aegeus

178 3608 232 3664 455
268 3598 384 3682 gaudia
406 3599 547 3682 percepit
566 3599 644 3662 nato
668 3616 779 3663 secura
801 3601 937 3682 recepto.
1192 3592 1197 3602 '

266 3707 357 3771 Bella
379 3708 471 3790 parat
493 3705 607 3770 Minos.
652 3702 715 3783 Qui
738 3722 933 3786 quamquam
954 3705 1066 3783 milite,
1090 3723 1289 3788 quamquam

266 3813 365 3879 classe
388 3813 483 3889 00101,
504 3812 623 3906 patria,
631 3812 739 3875 tamen
762 3813 812 3876 001
833 3811 1034 3876 firmissimus
1056 3812 1105 3876 ira

265 3920 488 4002 Androgeique
510 3909 621 3984 necem
643 3918 736 3983 iustis
758 3918 923 3983 ulciscitur
946 3918 1052 3984 armis.

265 4028 348 4091 Ante
372 4028 480 4091 tamen
502 4026 585 4091 bello
608 4025 690 4090 01000
714 4025 854 4107 adquirit
877 4025 1004 4103 amicas,

177 4142 232 4196 400
269 4151 394 4215 quaque
416 4134 529 4216 potens
551 4133 689 4210 habitus,
712 4131 832 4197 volucri
854 4130 937 4196 heta
959 4126 1060 4197 classe
1083 4135 1235 4216 pererrat.

264 4239 347 4306 Hinc
368 4240 524 4323 Anaphen
547 4239 607 4303 sibi
628 4238 732 4321 iungit
755 4240 788 4302 et
809 4238 996 4321 Astypaleia
1018 4257 1126 4322 regna,
