2858 4710
152 247 216 307 214
696 240 812 310 Myrrha,

237 398 304 464 Nec
326 402 452 464 metues
477 401 545 464 atro
570 400 699 465 crinitas
723 420 826 484 angue
851 421 981 480 sorores,

148 512 201 568 350
239 525 317 588 quas
340 506 462 571 facibus
486 508 588 571 saevis
613 508 719 572 oculos
744 511 840 590 atque
864 528 919 573 ora
941 512 1086 592 petentes

235 613 328 677 noxia
351 613 445 678 corda
467 614 597 678 vident?
620 616 663 678 At
685 616 731 692 tn,
755 615 832 679 dum
855 634 982 699 corpore
1005 637 1069 682 non
1092 637 1125 684 33

237 739 332 804 passa
353 719 453 797 nasac,
476 721 580 785 animo
603 740 643 785 ne
668 723 802 804 concipe,
826 741 904 787 neve
927 725 1066 806 potentis

236 828 404 893 concubitu
427 828 524 892 vetito
547 830 680 892 naturae
703 829 808 911 pollue
831 828 950 893 foedus.

236 935 328 1000 Velle
350 935 446 1017 puta:
470 952 521 998 res
544 934 614 1016 ipsa
636 936 732 998 vetat.
777 934 854 999 Pius
878 936 931 1000 ille
954 955 1139 1018 memorque
1163 942 1214 1003 331

147 1050 199 1107 355
236 1042 333 1107 1113113
356 1078 400 1088 -
424 1043 456 1105 31
479 1059 496 1105 5
519 1041 634 1106 vellem
657 1041 769 1105 similis
792 1041 880 1106 furor
903 1045 988 1108 33331
1011 1044 1044 1107 in
1066 1045 1162 1109 illo!“

322 1148 462 1224 Dixerat,
486 1149 520 1211 at
543 1146 686 1230 Cinyras,
711 1167 806 1230 quem
830 1149 919 1231 copia
943 1149 1039 1231 digna
1061 1171 1241 1235 procorum,

236 1255 310 1337 quid
333 1254 439 1332 faciat,
462 1253 607 1318 dubitare
630 1253 715 1332 facit,
739 1255 874 1319 scitatur
898 1256 937 1319 ab
960 1256 1030 1339 ipsa

235 1362 414 1427 nominibus
439 1361 540 1436 dictis,
563 1361 653 1424 cuius
676 1361 755 1425 velit
778 1380 847 1426 esse
869 1362 986 1425 mariti.

234 1468 297 1533 Illa
321 1469 393 1532 silet
415 1467 525 1549 primo,
548 1467 723 1549 patriisque
746 1467 780 1530 in
801 1468 943 1532 vultibus
967 1469 1102 1534 haerens

146 1583 200 1639 360
237 1575 364 1640 aestuat
386 1575 419 1638 et
442 1573 547 1656 tepido
576 1571 730 1636 suffundit
752 1573 873 1637 lumina
896 1592 975 1639 roro.

232 1680 376 1763 Virginei
399 1679 531 1762 Cinyras
554 1680 634 1744 hacc
657 1679 787 1744 credens
812 1699 880 1744 esse
904 1681 1036 1758 timonio,

231 1787 307 1852 fiere
330 1789 419 1851 13131
442 1786 602 1867 siccatque
626 1805 723 1868 genas
747 1788 843 1868 atque
868 1788 975 1851 oscula
997 1788 1110 1871 iungit.

230 1895 363 1978 Myrrha
386 1893 469 1957 datis
491 1893 627 1957 nimium
650 1893 784 1974 gaudet:
810 1895 1026 1976 consultaque,
1050 1897 1176 1977 qualem

232 2003 319 2085 optet
341 2002 457 2065 habere
480 1992 593 2077 virum,
618 2000 779 2078 „similem
802 2000 884 2064 tibi“
908 2000 995 2066 dixit.
1040 2005 1083 2066 At
1105 2003 1159 2067 ille

143 2118 196 2175 365
231 2129 296 2173 non
317 2109 513 2172 intellectam
535 2125 646 2170 vocem
669 2107 839 2171 conlaudat
862 2109 894 2171 et
917 2111 1009 2185 „esto

230 2218 299 2280 tam
320 2216 372 2298 pia
395 2219 542 2297 semper“
566 2214 620 2277 ait.
664 2213 797 2277 Pietatis
821 2213 947 2278 nomine
972 2215 1055 2279 dioto

231 2322 358 2388 demisit
381 2323 489 2386 vultus
514 2307 724 2385 sceleris'sibi
746 2320 870 2385 conscia
893 2321 990 2402 virgo.

317 2428 428 2492 Noctis
452 2428 520 2491 erat
542 2426 691 2504 medium,
715 2445 871 2507 curasque
895 2428 927 2490 et
950 2446 1080 2509 corpora
1102 2446 1235 2492 somnus

231 2536 376 2602 solverat.
420 2534 463 2596 At
486 2532 573 2613 virgo
597 2531 745 2614 Cinyreia
767 2532 901 2614 peruigil
923 2532 989 2614 igni

140 2654 193 2708 370
230 2643 370 2725 carpitur
392 2639 544 2702 indomito
567 2638 749 2720 furiosaque
773 2640 847 2702 vota
870 2641 1032 2704 retractat.

227 2751 270 2815 Et
292 2747 385 2813 modo
409 2746 565 2829 desperat,
587 2745 679 2815 modo
703 2747 774 2810 vult
795 2747 963 2829 temptare,
985 2747 1146 2829 pudetque

229 2859 261 2922 31
284 2855 379 2938 cupit,
403 2856 444 2930 ot,
468 2853 544 2934 quid
567 2855 650 2934 agat,
673 2871 736 2916 non
758 2852 887 2916 invenit.
932 2853 1041 2934 thue
1066 2856 1169 2919 securi

229 2963 336 3028 saucia
358 2961 447 3026 trabs
470 2961 591 3041 ingens,
613 2959 668 3023 ubi
690 2960 785 3042 plaga
807 2959 979 3023 novissima
1001 2963 1111 3039 restat,

229 3088 289 3153 quo
314 3068 415 3145 cadat,
437 3067 471 3129 in
494 3066 588 3130 dubio
612 3068 662 3129 331
685 3066 833 3146 omnique
857 3068 988 3148 aparte
1011 3067 1160 3132 timetur:

137 3185 190 3242 315
228 3178 272 3241 315
296 3176 420 3238 animus
444 3173 530 3237 vario
552 3171 729 3236 labefactus
752 3173 881 3237 vulnere
905 3174 1000 3236 nutat

227 3283 291 3346 huc
312 3280 391 3344 13113
415 3279 511 3359 atque
534 3272 856 3359 illuc‘momcntaque
881 3279 979 3342 sumit
1002 3281 1146 3361 utroque.

225 3388 293 3452 Nec
315 3385 428 3450 modus
453 3386 509 3448 aut
531 3384 666 3464 requies
688 3383 750 3447 nisi
772 3402 866 3461 111513,
889 3385 1044 3467 reperitur
1068 3387 1194 3450 amoris.

225 3496 312 3559 Mors
335 3492 448 3575 placet.
493 3490 635 3571 Erigitur
656 3490 833 3571 laqueoque
857 3492 1015 3556 innectere
1038 3492 1145 3557 fauces

226 3600 374 3675 destinat,
398 3599 530 3662 3115113
553 3616 678 3661 summo
703 3597 741 3662 de
763 3601 853 3680 poste
876 3599 1017 3663 revincta

133 3720 188 3776 330
225 3726 318 3788 ,,5313
341 3706 411 3771 1313
435 3704 552 3786 Cinyra
575 3722 768 3785 causamque
791 3705 939 3786 intellege
962 3705 1114 3770 mortis!“

224 3815 310 3892 dixit,
334 3816 366 3878 31
389 3813 520 3896 aptabat
541 3811 674 3893 pallenti
696 3812 823 3876 vincula
847 3812 935 3876 collo.

312 3921 478 3984 Murmura
501 3919 668 3983 verborum
690 3916 769 3982 fidas
791 3918 925 3982 nutricis
949 3918 989 3982 ad
1013 3937 1106 3984 aures

223 4027 402 4114 pervenisse
426 4026 533 4090 serunt
555 4025 652 4089 limen
676 4027 831 4090 servantis
856 4026 1012 4090 alumnae.

224 4135 334 4217 Surgit
358 4152 436 4197 anus
459 4133 643 4214 reseratque
666 4131 758 4209 force,
781 4131 956 4213 mortisque
979 4134 1110 4214 paratae

128 4253 184 4308 385
219 4243 437 4308 instrumenta
458 4239 567 4304 videns
592 4239 693 4321 spatio
718 4239 895 4303 conclamat
918 4239 1028 4304 eodem
