2858 4710
554 276 610 330 no.
628 275 662 342 x,
680 294 704 329 v.
723 275 874 331 cae-coc.
1256 287 1320 344 217

100 447 156 501 460
184 436 324 526 ,Quoque
347 455 405 500 suo
427 437 554 519 propior
577 437 689 501 sceleri
712 439 769 513 est,
792 437 895 519 magis
917 438 1034 514 horret,
1058 440 1090 502 et
1114 438 1185 502 ausi

196 544 347 626 paenitet,
371 545 404 606 et
426 544 523 607 rellet
544 562 608 606 non
631 544 757 624 cognita
778 561 871 625 posse
893 544 1018 608 reverti.

192 650 404 716 Cunctantem
426 651 581 731 longaeva
602 669 702 713 manu
725 650 854 714 deducit
877 653 910 714 et
933 652 998 714 alto

191 757 353 820 admotam
375 757 457 820 lecto
481 775 554 820 oum
576 757 719 821 traderet
741 758 903 840 „accipe“,
928 757 1007 821 dixit

190 864 278 941 „ista
299 865 358 926 tua
381 866 440 940 est,
464 863 605 946 Cinyra“
629 863 805 944 devotaque
828 882 960 946 corpora
982 864 1093 928 iunxit.

101 978 156 1032 465
190 969 313 1052 Accipit
336 971 469 1034 obsceno
492 970 616 1052 genitor
639 989 698 1034 sua
719 970 841 1034 viscera
863 963 946 1034 lecto

190 1077 410 1158 virgineosque
433 1079 540 1141 metus
562 1078 649 1141 levat
671 1077 882 1158 hortaturque
905 1077 1082 1142 timentem.

190 1183 336 1247 Forsitan
359 1184 474 1247 aetatis
498 1201 624 1264 quoquo
647 1184 773 1247 nomine
797 1183 911 1259 ‚‚filia“
935 1183 1022 1259 dixit,

89 1345 90 1348 ,
191 1289 269 1354 dixit
292 1290 326 1353 et
346 1290 403 1354 illa
425 1292 574 1373 „pates
598 1290 709 1354 sceleri
730 1309 771 1353 ne
793 1290 923 1353 nomina
945 1290 1058 1354 desint.

191 1396 291 1460 Plena
312 1397 413 1479 patris
435 1397 587 1460 thalamis
611 1396 733 1461 excedit
756 1398 788 1460 et
811 1397 909 1480 impia
932 1396 999 1460 diro

103 1509 157 1564 470
192 1503 314 1567 semina
335 1502 398 1567 fert
420 1505 511 1568 utero
535 1506 749 1587 conceptaque
773 1505 905 1568 crimina
927 1505 1043 1587 portat.

278 1609 411 1674 Postera
432 1629 494 1674 nox
516 1610 640 1675 facinus
665 1612 815 1693 geminat.
860 1610 928 1676 Nec
950 1611 1021 1674 finis
1044 1611 1078 1673 in
1099 1610 1156 1674 illa
1179 1611 1245 1675 est:

191 1735 264 1780 cum
286 1717 417 1781 tandem
440 1715 583 1800 Cinyras,
607 1718 717 1782 avidus
741 1737 928 1799 cognoscere
953 1719 1114 1782 amantem

189 1825 262 1905 post
283 1825 334 1887 tot
356 1824 551 1900 concubitus,
573 1824 673 1887 inlato
696 1825 816 1888 lumine
840 1823 934 1888 vidit·

193 1932 226 1993 et
249 1931 352 1994 scelus
376 1931 409 1994 et
430 1932 551 2006 natam,
574 1930 740 2010 verbisque
765 1929 869 1994 dolore
893 1929 1025 1993 retentis

102 2042 156 2097 475
191 2036 342 2118 pendenti
363 2037 502 2100 nitidum
523 2037 638 2117 ragina
661 2037 776 2119 deripit
799 2055 916 2100 ensem.

189 2142 321 2226 Myrrha
344 2143 435 2225 fugit,
458 2144 659 2225 tenebrisque
683 2145 715 2207 et
737 2161 849 2207 caecae
872 2161 1003 2207 munere
1026 2142 1128 2206 noot's

190 2249 366 2332 intercepta
389 2251 459 2314 neci
482 2252 548 2314 est:
572 2251 718 2331 latosque
741 2252 858 2331 vagata
879 2268 936 2332 per
960 2267 1051 2330 agros

191 2355 373 2437 palmiferos
396 2357 519 2421 Arabas
541 2357 772 2437 Panchaeaque
795 2374 871 2420 rura
893 2355 1053 2436 relinquit.

190 2462 314 2544 Perque
337 2482 451 2528 novem
475 2465 592 2528 errarit
614 2464 776 2529 redeuntis
800 2481 917 2528 cornua
939 2463 1044 2539 lunae,

101 2577 157 2632 480
192 2587 266 2632 cum
288 2569 418 2634 tandem
440 2572 526 2634 terra
548 2571 704 2651 requievit
725 2570 811 2634 fessa
836 2569 966 2647 Sabaea,

190 2675 304 2757 vixque
327 2677 412 2739 uteri
434 2677 583 2759 portabat
607 2695 696 2740 onus.
740 2677 824 2739 Tum
846 2677 953 2740 nescia
976 2676 1038 2741 vot'

192 2783 287 2863 atque
311 2782 395 2846 inter
417 2783 592 2863 mortisque
615 2784 721 2846 metus
746 2784 778 2845 et
801 2782 905 2846 taedia
928 2782 1012 2846 vitae

194 2890 242 2952 est
264 2889 346 2953 tales
371 2889 533 2971 complexa
555 2907 682 2970 preces:
707 2886 758 2965 „O
784 2888 876 2969 siqua
898 2887 1016 2970 patetis

191 2997 324 3060 numina
348 2995 509 3073 confessis,
532 2995 636 3060 merui
658 3014 717 3060 nec
739 2995 832 3059 triste
855 3013 967 3059 recuso

101 3109 156 3165 485
192 3103 390 3186 supplicium.
438 3102 500 3167 Sed
522 3121 562 3166 ne
586 3102 701 3167 violem
723 3102 873 3183 vivosque
898 3102 1059 3184 superstes

190 3212 380 3291 mortuaque
405 3210 584 3286 exstinctos,
610 3210 762 3273 ambobus
785 3209 894 3291 pellite
917 3208 1023 3290 regnis

191 3318 398 3397 mutataeque
420 3316 499 3380 mihi
521 3316 684 3397 vitamque
708 3334 881 3397 necemque
904 3316 1047 3397 negate.“

280 3422 408 3487 Numen
431 3422 581 3488 confessis
606 3422 733 3504 ahquod
755 3424 861 3506 patet:
884 3422 998 3486 ultima
1022 3423 1106 3486 certe

192 3530 267 3592 rota
291 3547 364 3592 suos
386 3530 525 3594 habuere
550 3529 633 3594 deos.
679 3529 764 3593 Nam
787 3547 880 3594 crura
902 3528 1061 3609 loquentis

34 3618 60 3662 ⁸
104 3642 159 3698 490
195 3637 281 3699 terra
304 3637 494 3718 supervenit,
516 3638 692 3720 ruptosque
716 3635 844 3717 obliqua
865 3653 923 3717 per
945 3652 1068 3716 ungues

191 3741 364 3825 porrigitur
387 3742 483 3820 radix,
506 3743 592 3823 longi
613 3741 793 3805 firmamina
816 3741 937 3815 trunci3

193 3866 327 3929 ossaque
351 3848 447 3911 robur
470 3852 579 3930 agunt,
602 3848 770 3930 mediaque
793 3849 942 3912 manente
965 3846 1106 3911 medulla

194 3954 322 4036 sanguis
346 3954 373 4018 it
394 3955 428 4017 11
451 3974 551 4034 sucos,
573 3956 607 4018 in
629 3972 761 4036 magnos
785 3954 932 4018 bracchia
953 3971 1068 4031 remor,

192 4062 226 4125 in
247 4081 361 4145 parvos
385 4061 484 4143 digiti,
508 4061 642 4126 duratur
666 4062 780 4126 cortice
803 4061 904 4144 pellis

103 4173 159 4228 495
194 4168 327 4250 Iamque
350 4186 480 4250 gravem
503 4186 646 4232 crescens
670 4170 799 4231 uterum
821 4166 1051 4250 perstrinxerat
1074 4166 1166 4232 arbor

193 4276 382 4357 pectoraque
406 4276 554 4339 obruerat
578 4275 757 4356 collumque
782 4274 902 4358 operire
925 4274 1069 4357 parabat,
