2910 4710
448 306 504 361 Iib.
522 306 594 375 vm,
612 324 635 362 ι.
657 308 805 373 tls-,tea

107 484 201 550 saepe
224 466 323 531 etiam
344 467 491 532 manibus
514 467 602 533 nexis
626 487 663 534 cr
686 468 793 534 ordine
817 470 923 534 trunci

48 608 51 622 ι
80 605 83 612 ·
109 571 258 638 circuiere
280 573 421 652 modum,
443 592 656 656 mensuraque
679 575 797 640 roboris
820 577 913 641 ulnas

108 678 247 761 quinque
269 680 320 744 ter
341 679 503 763 implebat.
548 680 616 745 Nec
637 686 701 745 non
724 683 757 746 et
780 685 886 747 cetera
908 684 1036 760 tanturn

18 791 72 848 750
109 785 188 851 silva
210 786 271 850 sub
293 786 362 863 hac,
386 785 466 850 silva
489 788 646 867 quantum
668 786 729 852 fuit
751 788 850 854 herba
873 791 932 855 sub
957 791 1052 856 omni.

195 892 267 958 Non
289 893 398 957 tamen
420 891 536 957 idcirco
558 892 680 958 ferrum
702 894 867 978 Triopeius
890 896 946 961 illa
1046 892 1047 895 ’
1108 890 1110 894 ’

106 998 269 1076 abstinuit,
291 997 491 1080 famulosque
513 998 602 1064 iubet
624 1000 784 1066 succidere
807 1020 934 1068 sacrum

105 1106 218 1180 robur;
242 1107 275 1170 et
296 1107 335 1169 ut
356 1105 459 1170 iussos
483 1106 627 1170 cunctari
649 1106 736 1184 vidit,
760 1108 799 1172 ab
822 1127 886 1172 uno

107 1211 205 1276 edidit
226 1211 306 1276 haec
328 1213 421 1295 repta
444 1212 619 1276 sceleratus
642 1213 739 1278 verba
761 1214 882 1278 securi:

18 1324 114 1396 ⁷65,
116 1318 204 1396 N,on
227 1317 343 1383 dilecta
366 1317 443 1383 deae
467 1319 580 1396 solum,
603 1318 660 1383 sed
683 1319 807 1402 etipsa
828 1320 936 1386 licebit

107 1424 150 1488 sit
172 1423 270 1502 dea,'
262 1442 327 1488 ram
349 1425 462 1506 tanget
483 1423 649 1490 frondente
673 1426 835 1491 cacumine
858 1428 1004 1492 terramf‘

194 1530 291 1608 Βιιιι,
314 1533 355 1596 ιι
314 1531 512 1614 cobliquos
536 1531 613 1596 dum
635 1532 737 1597 telum
759 1533 885 1599 librat
876 1553 910 1598 m
931 1534 1024 1615 ictus,

107 1637 299 1705 contremuit
321 1638 540 1721 gemitumque
564 1638 652 1703 dedit
637 1639 775 1704 tDeoia
798 1636 977 1722 quercus.'

107 1746 140 1810 ιι
161 1745 285 1829 pariter,
302 1744 439 1822 frondes,
461 1745 581 1827 pariter
601 1745 774 1828 pallescere
797 1747 928 1828 glandes

19 1861 71 1917 160
107 1869 236 1935 coepero
260 1868 297 1916 ao
318 1852 406 1933 longi
427 1851 582 1934 pallorem
604 1851 719 1917 ducere
741 1853 831 1917 rami.

108 1958 205 2025 Cuius
227 1959 266 2022 ut
287 1958 321 2023 iu
343 1958 456 2021 tnmco
478 1956 555 2021 fecit
576 1976 691 2022 manus
714 1957 812 2041 impia
834 1959 961 2038 vulnus,

106 2065 194 2131 haud
216 2065 310 2129 aliter
331 2063 424 2128 fiuxit
448 2062 590 2128 discusso
615 2063 729 2128 cortice
753 2065 892 2144 sanguis,

108 2191 206 2256 quam
229 2171 318 2249 solet,
341 2171 415 2234 ante
439 2187 511 2234 aras
533 2170 645 2251 ingens
667 2169 723 2234 ubi
743 2168 874 2235 victima
897 2172 1008 2236 taurus

107 2276 251 2355 concidit,
275 2277 410 2360 abrupta
433 2295 525 2341 cruor
548 2295 564 2341 e
588 2276 708 2341 cervice
729 2276 885 2359 profimdi.

20 2392 70 2450 765
197 2383 385 2467 Obstipuere
409 2401 527 2460 omnes,
551 2383 730 2465 aliquisque
754 2401 791 2448 er
814 2384 959 2449 omnibus
983 2384 1079 2449 audet
1200 2383 1202 2387 ’

107 2491 264 2556 deterrere
286 2489 376 2554 nefas
399 2506 590 2571 saevamque
613 2489 754 2554 inhibere
777 2489 982 2572 bipennem.

106 2596 251 2680 Adspicit
272 2597 357 2661 huno
379 2597 544 2675 „mentis“
568 2614 629 2678 que
653 2595 746 2678 „Piae
769 2614 844 2679 cape
867 2597 1050 2680 praemia!“
1074 2598 1152 2663 dixit

106 2703 286 2780 Thessalus
307 2703 404 2785 inque
426 2703 531 2767 virum
554 2702 709 2766 convertit
731 2703 771 2767 ab
794 2703 904 2768 arbore
926 2703 1047 2769 ferrum

106 2810 334 2892 detruncatque
358 2810 470 2892 caput;
493 2808 691 2891 repetitaque
714 2809 826 2873 robora
849 2809 960 2887 caedit,

18 2925 71 2981 7⁷0
107 2916 249 2981 redditus
273 2918 306 2981 et
291 2915 431 2980 tmedio
455 2933 551 2979 sonus
575 2915 624 2978 est
647 2913 686 2978 de
709 2915 819 2979 robore
842 2915 935 2979 talis:

107 3022 281 3107 „Nympha
304 3022 364 3086 sub
386 3021 446 3086 hoc
470 3039 527 3103 ego
551 3039 623 3085 sum
647 3020 755 3087 Cereri
778 3021 960 3104 gratissima
983 3022 1105 3104 ligno

109 3147 189 3212 quae
212 3129 271 3194 tibi
292 3128 450 3194 factorum
471 3146 589 3211 poenas
611 3128 730 3192 instare
754 3129 882 3214 tuorum

106 3235 260 3300 vaticinor
282 3236 430 3313 moriens,
451 3234 552 3300 nostri
576 3234 693 3300 solacia
715 3234 799 3300 leti“

195 3342 404 3424 Persequitur
428 3341 531 3407 scelus
554 3341 607 3406 ille
631 3360 735 3420 suum,
757 3340 977 3424 labefactaque
1000 3342 1131 3407 tandem

14 3455 70 3513 775
107 3447 222 3514 ictibus
245 3448 418 3513 innumeris
442 3447 642 3530 adductaque
664 3447 793 3514 funibus
817 3448 909 3513 arbor

108 3555 227 3619 corruit
250 3556 283 3619 et
304 3556 444 3620 multam
465 3554 639 3638 prostravit
660 3554 797 3638 pondere
821 3554 955 3643 silvams

106 3662 273 3726 Attonitae
297 3661 431 3745 dryades
455 3661 570 3726 damno
592 3679 821 3743 nemorumque
845 3679 977 3753 suoque,
999 3724 1000 3727 ,

106 3787 216 3833 omnes
239 3786 417 3851 germanae,
440 3767 588 3834 Cererem
611 3786 684 3832 cum
706 3767 848 3832 restibus
872 3767 960 3861 atris.
992 3749 1002 3759 ’

105 3876 284 3941 maerentes
309 3875 428 3940 adeunt
449 3893 646 3958 poenamque
668 3873 910 3957 Erysichthonis
926 3874 1034 3937 orant.
1071 3880 1072 3883 ’

9 3992 70 4050 780
106 3982 228 4047 Adnuit
249 3982 300 4046 his
324 3981 499 4065 capitisque
523 3982 573 4046 sui
594 3980 808 4065 pulcherrima
829 3980 920 4045 motu
1029 4040 1030 4043 ,

108 4089 267 4154 concussit
290 4088 427 4172 gravidm
451 4091 597 4153 oneratos
620 4087 777 4153 messibus
802 4104 903 4169 agros.
955 4092 957 4096 '
1045 4144 1048 4146 ,

106 4195 301 4278 Moliturque
324 4214 423 4278 genus
445 4212 564 4279 poenae
586 4194 775 4271 miserabile,
803 4192 832 4258 'si
853 4211 917 4256 non

105 4303 160 4367 ille
184 4302 251 4366 suis
274 4305 359 4369 esset
380 4302 462 4369 nulli
483 4301 673 4367 miserabilis
697 4298 785 4386 actis,

982 4386 1055 4456 ιιι·
