2858 4710
171 252 247 318 162‘
558 248 690 304 Daedalus
708 251 737 303 et
753 247 850 305 Icarus.
886 247 987 303 Perdix.

256 429 308 475 me
331 410 410 475 duce
434 397 651 493 0010001010.>
698 408 823 474 Pariter
845 410 1015 492 praecepta
1036 408 1164 476 volandi

256 517 355 582 tradit
379 518 411 581 et
433 517 557 598 ignotas
580 515 699 581 umeris
723 515 941 583 accommodat
964 515 1040 580 alas.

169 631 221 687 210
256 623 346 688 Inter
369 642 447 706 opus
470 623 674 704 monitusque
698 640 796 704 genae
819 621 971 687 maduere
995 620 1119 698 seniles,

257 731 289 794 et
310 730 431 814 patriae
455 731 613 794 tremuere
635 747 759 795 manus.
804 727 901 793 Dedit
925 727 1032 795 oscula
1054 729 1130 793 nato

255 855 319 900 non
341 837 458 901 iterum
480 833 651 918 repetenda
674 853 739 912 suo,
762 833 936 917 pennisque
960 834 1086 901 levatus

127 999 129 1003 ,
256 945 330 1009 0010
353 942 638 1023 volatcomitique
655 927 756 1019 timet,
780 941 868 1007 velut
891 941 966 1019 ales,
990 941 1029 1008 ab
1053 941 1117 1005 alto

255 1068 336 1132 quae
359 1051 503 1114 teneram
525 1049 647 1132 prolem
668 1047 821 1131 produxit
838 1047 872 1112 in
895 1050 970 1112 adra
991 1046 1075 1125 nido,

166 1163 219 1219 215
254 1157 464 1238 hortaturque
489 1155 579 1238 sequi
602 1154 833 1236 damnosasque
857 1154 962 1220 erudit
985 1155 1069 1219 artes

255 1265 288 1328 et
309 1265 417 1328 movet
438 1263 506 1345 ipse
530 1279 604 1326 suas
628 1263 661 1325 et
683 1262 754 1328 nati
775 1261 904 1344 respicit
927 1261 1003 1328 alas.
1057 1280 1059 1283 ’

252 1369 319 1434 Hos
344 1369 459 1451 aliquis
482 1368 621 1432 tremula
644 1367 722 1432 dum
745 1368 855 1450 captat
876 1366 1054 1432 harundine
1077 1365 1189 1450 pisces,

255 1478 312 1540 aut
334 1477 442 1559 pastor
464 1456 576 1539 baculo
601 1474 720 1538 stivave
742 1473 868 1536 innixus
893 1474 1000 1537 arator

253 1573 342 1659 vidit,
366 1583 398 1645 ot
421 1580 583 1663 obstipuit
607 1580 724 1661 quique
749 1580 878 1644 aethera
901 1596 1029 1661 carpere
1051 1579 1181 1661 possent
1214 1557 1216 1580 '

165 1696 218 1752 220
256 1687 390 1754 credidit
413 1701 482 1753 esse
506 1687 590 1753 deos.
635 1686 678 1752 ut
700 1686 765 1753 iam
786 1685 921 1750 Iunonia
943 1685 1034 1755 laeva

252 1796 343 1878 parte
368 1793 488 1872 Samos,
511 1792 638 1858 fuerant
660 1792 820 1875 Delosque
842 1791 1004 1873 Parosque
1027 1791 1164 1868 relictae,
1223 1832 1224 1836 =

255 1901 366 1967 dextra
387 1900 563 1966 Lebinthos
588 1901 657 1968 erat
678 1898 876 1981 fecundaque
899 1897 993 1962 melle
1017 1895 1180 1980 Calymne,

255 2027 328 2073 cum
350 2026 429 2091 puer
453 2006 565 2077 audaci
587 2006 689 2089 coepit
711 2006 850 2088 gaudere
872 2005 981 2071 volatu

254 2114 457 2196 deseruitque
480 2113 594 2182 ducem
616 2108 758 2194 caelique
781 2111 926 2195 cupidine
950 2112 1073 2179 tractus

84 2234 88 2239 ·
165 2227 217 2282 225
255 2221 352 2286 011100
376 2221 441 2302 egit
462 2221 531 2284 iter.
576 2218 690 2303 Rapidi
713 2219 827 2284 ricinia
850 2219 925 2286 00110

252 2328 357 2392 mollit
380 2326 535 2404 odoratas,
558 2344 735 2408 pennarum
757 2325 893 2403 vincula,
916 2343 1013 2393 ceras.

255 2435 436 2499 Tabuerant
459 2450 566 2497 cerae:
589 2431 692 2495 nudos
716 2431 821 2512 quatit
842 2431 896 2496 ille
919 2432 1055 2497 lacertos

251 2540 446 2622 remigioque
469 2557 580 2604 carens
603 2557 667 2602 non
688 2538 771 2603 ullas
793 2538 928 2622 percipit
945 2556 1055 2626 auras,

122 2645 123 2648 ’
253 2663 370 2727 oraque
394 2646 539 2710 caerulea
561 2645 701 2729 patrium
725 2645 897 2714 clamantia
918 2663 1033 2710 nomen

101 2828 105 2836 ἢ
165 2761 219 2816 230
255 2752 454 2835 excipiuntur
477 2770 579 2835 aqua:
604 2770 685 2834 quae
707 2770 823 2817 nomen
845 2751 943 2817 traxit
966 2752 1005 2822 ab
1027 2751 1091 2814 ille.

342 2860 386 2923 At
407 2861 499 2943 pater
520 2858 636 2937 infelix,
659 2877 717 2923 nec
739 2859 805 2926 iam
826 2858 925 2940 pater,
945 2844 1080 2934 <10000,
1103 2855 1189 2933 dixit,

248 2953 385 3044 ‘Icare',
408 2966 487 3031 dixit
506 2954 581 3033 ‘ubi
604 2970 660 3031 es?
685 2984 748 3048 qua
771 2967 803 3031 10
826 2965 952 3047 regione
976 2951 1174 3046 requiraml'

249 3059 372 3137 ‘Icaro'
399 3072 539 3138 dicebat:
562 3091 683 3155 pennas
700 3071 851 3155 adspexit
873 3071 907 3135 in
929 3070 1023 3137 undis

251 3177 440 3261 devovitque
463 3197 537 3244 suas
562 3180 646 3244 artes
670 3196 846 3262 corpusque
870 3177 1012 3262 sepulcro

162 3291 217 3347 235
255 3283 402 3348 condidit.
446 3284 490 3348 Et
511 3285 607 3349 tellus
631 3303 650 3348 a
672 3284 798 3349 nomine
822 3284 907 3349 dicta
930 3282 1055 3367 sepulti.

341 3390 436 3455 Hune
458 3390 567 3456 miseri
589 3391 713 3455 tumulo
735 3392 907 3475 ponentem
929 3407 1059 3472 corpora
1081 3387 1150 3454 nati

252 3498 381 3580 garrula
402 3497 514 3566 limoso
537 3497 697 3581 prospexit
720 3498 759 3563 ab
783 3498 859 3564 elice
881 3496 991 3581 perdix

252 3606 285 3669 et
307 3603 426 3687 plausit
447 3604 559 3687 pennis
582 3605 764 3686 testataque
788 3603 905 3686 gaudia
928 3603 1025 3670 cantu
1047 3602 1111 3667 est:

251 3711 345 3776 unica
367 3712 445 3775 tunc
467 3710 603 3779 volucris
626 3729 685 3775 nec
707 3710 776 3776 visa
798 3709 954 3794 prioribus
978 3708 1078 3785 annis,

162 3826 215 3895 240
250 3817 399 3900 factaque
421 3835 523 3900 nuper
546 3817 621 3895 aris,
644 3817 777 3900 longum
797 3816 864 3895 tibi,
886 3813 1035 3892 Daedale,
1059 3814 1186 3881 crimen.

250 3923 398 4006 Namque
421 3924 496 3989 huic
517 3923 701 4002 tradiderat,
723 3923 863 3989 fatorum
885 3922 1005 4004 ignara,
1026 3919 1202 3988 docendam

249 4031 432 4114 progeniem
455 4050 607 4114 germana
629 4048 732 4108 suam,
754 4029 916 4095 natalibus
940 4027 1019 4093 actis
1209 4015 1215 4027 ’

250 4135 299 4200 bis
322 4155 457 4219 puerum
481 4138 575 4216 senis,
600 4136 697 4201 animi
721 4134 760 4199 ad
782 4136 951 4218 praecepta
974 4134 1106 4218 capacis.

249 4241 309 4307 1110
333 4243 430 4308 etiam
452 4243 555 4313 medio
578 4243 684 4325 spinas
707 4240 741 4305 in
763 4241 847 4324 pisce
870 4241 998 4306 notatas
