2858 4710
531 263 587 316 Lib.
605 263 638 330 X,
657 281 680 317 v.
701 264 849 320 138-208.

165 442 229 487 non
252 424 393 488 tenuisse
417 441 518 500 011111,
541 442 604 487 non
627 443 683 506 per
705 425 780 508 iuga
802 427 919 491 montis
942 428 1043 509 iniqui

167 531 212 595 ire
236 550 351 608 comes,
374 532 531 613 longaque
556 531 613 594 alit
636 531 845 598 adsuetudine
867 533 1022 599 flammas.

253 637 388 718 Iamque
411 637 476 701 fere
499 637 623 701 medius
646 639 739 702 Titan
762 639 916 704 venientis
941 642 973 704 et
996 644 1085 707 actae

71 752 127 807 175
164 744 266 808 noctis
290 745 359 808 erat
382 743 547 826 spatioque
569 743 638 826 pari
662 744 802 809 distabat
824 747 1002 827 utrimque:

167 868 296 932 corpora
318 851 407 913 veste
429 849 538 912 levant
561 851 593 913 11
616 868 690 914 succ
713 851 839 933 pinguis
863 853 937 917 clivi

165 957 390 1040 splendescunt
412 956 533 1037 latique
556 955 668 1020 ineunt
691 959 864 1023 certamina
888 960 973 1024 11111.

167 1061 270 1142 Quem
294 1062 382 1146 prius
407 1062 509 1126 adrias
532 1061 686 1126 libratum
709 1064 862 1147 Phoebus
878 1065 912 1129 in
935 1085 1030 1131 auras

163 1170 252 1234 misit
275 1171 308 1234 et
331 1170 490 1253 oppositas
515 1168 639 1234 disiecit
660 1170 797 1252 pondere
820 1173 929 1236 nubes.

72 1286 127 1340 180
163 1276 306 1340 Reccidit
328 1277 361 1339 in
385 1275 518 1339 solidam
540 1276 632 1357 longo
654 1278 728 1358 post
750 1280 890 1360 tempore
914 1280 1033 1343 terram

162 1383 285 1465 pondus
309 1385 341 1446 et
365 1383 506 1447 exhibuit
528 1382 670 1447 iunctam
693 1403 766 1447 cum
789 1384 907 1448 viribus
932 1388 1042 1451 artem.

165 1489 316 1554 Protinus
340 1489 526 1572 imprudens
551 1491 706 1570 actusque
732 1490 876 1573 cupidine
899 1492 990 1557 lusus

162 1597 273 1660 tollere
297 1595 487 1660 Taenarides
511 1597 619 1661 orbem
640 1599 839 1680 properabat.
883 1599 1042 1663 Atilium

164 1703 244 1767 dura
266 1721 450 1785 repercusso
475 1702 609 1767 subiecit
631 1705 760 1767 verbere
784 1705 879 1768 tellus

77 1816 130 1872 185
166 1810 200 1873 111
223 1811 342 1888 vultus,
364 1809 554 1892 Hyacinthe,
577 1811 658 1872 tuos.
704 1810 866 1892 Expalluit
889 1830 988 1893 aeque

163 1936 259 1998 quam
280 1935 360 1999 puer
382 1917 449 1999 ipse
473 1915 551 1980 deus
575 1917 801 1998 conlapsosque
826 1917 940 1998 excipit
963 1919 1061 1996 artus,

162 2025 195 2088 et
216 2023 309 2088 modo
333 2025 365 2088 te
388 2022 519 2100 refovet,
541 2022 634 2086 modo
657 2023 763 2085 tristia
785 2023 916 2087 vulnera
940 2024 1045 2102 siccat,

161 2151 246 2196 nunc
269 2131 409 2194 animam
433 2129 568 2194 admotis
591 2127 767 2210 fugientem
791 2130 929 2194 sustinet
951 2131 1067 2196 herbis.

161 2238 215 2301 Nil
236 2238 371 2320 prosunt
394 2238 495 2301 artes:
520 2237 589 2299 erat
611 2235 828 2300 inmedicabile
851 2237 976 2309 vulnus.

72 2352 124 2406 190
159 2344 206 2409 Ut
229 2344 328 2425 siquis
351 2344 449 2407 riolas
473 2343 601 2424 riguere
623 2360 762 2426 papaver
784 2343 817 2405 in
839 2342 932 2406 horto

160 2451 289 2532 liliaque
313 2449 466 2531 infringat
488 2449 582 2513 fulvis
605 2450 768 2513 horrentia
790 2450 916 2530 linguis

159 2557 301 2621 marcida
323 2557 497 2620 demittant
520 2556 624 2620 subito
648 2557 745 2638 caput
767 2556 823 2619 illa
845 2556 967 2620 vietum

159 2683 217 2729 nec
241 2682 274 2727 se
299 2663 478 2727 sustineant
502 2663 709 2744 spectentque
733 2662 894 2726 cacumine
918 2663 1054 2726 terram:

161 2771 205 2834 sic
227 2771 335 2834 vultus
358 2770 495 2833 moriens
518 2768 610 2845 iacet,
634 2770 667 2831 et
689 2766 813 2839 deiecta
835 2769 940 2848 vigore

72 2884 123 2939 195
158 2878 227 2959 ipsa
251 2877 310 2941 sibi
333 2878 382 2941 est
405 2874 491 2940 oneri
515 2875 618 2938 cervix
640 2863 812 2954 umeroque
836 2874 999 2937 recumbit.

160 2984 323 3061 „Laberis
348 2981 507 3058 Oebalide‚
529 2981 633 3063 prima
655 2978 801 3043 fraudate
824 2980 983 3057 iurenta“‚

159 3089 305 3154 Phoebus
330 3089 375 3153 ait
398 3088 574 3169 „videoque
598 3088 699 3163 tuum,
721 3104 794 3149 mea
817 3086 958 3164 crimina,
981 3087 1105 3150 vulnus.

49 3228 51 3231 v
159 3197 206 3260 hu
229 3196 316 3260 dolor
340 3215 372 3260 es
396 3195 581 3276 facinusque
604 3212 730 3258 meum:
753 3211 826 3256 mea
849 3192 977 3257 dextera
999 3192 1063 3257 1111
1123 3259 1125 3268 ,

160 3303 360 3367 inscribenda
382 3306 438 3366 tuo
463 3303 526 3366 1111
550 3301 617 3382 Ego
642 3319 713 3380 sum
737 3300 795 3364 tibi
817 3299 937 3363 funeris
962 3302 1080 3365 auctor.

72 3416 124 3473 200
160 3408 249 3489 Quae
272 3427 344 3473 mea
368 3410 461 3492 culpa
483 3410 616 3472 tamen?
646 3407 719 3470 Nisi
742 3408 769 3470 si
792 3407 906 3471 lusisse
930 3407 1034 3470 vocari

158 3517 252 3598 culpa
274 3517 387 3597 potest,
410 3516 472 3580 nisi
495 3514 588 3597 culpa
609 3515 716 3595 potest
739 3515 771 3577 et
795 3531 918 3577 amasse
942 3513 1054 3577 vocari.
1087 3543 1090 3549 ·

157 3624 264 3704 Atque
287 3623 412 3685 utinam
433 3621 547 3686 merito
572 3621 671 3684 vitam
694 3621 864 3700 tecumque
887 3619 997 3683 liceret

158 3729 306 3793 reddere!
331 3727 422 3806 Quod
446 3728 596 3810 quoniam
619 3726 710 3790 fatali
732 3727 801 3807 lege
824 3727 979 3802 tenemur,

160 3853 286 3917 semper
309 3835 369 3898 eris
393 3854 519 3899 mecum
541 3833 737 3914 memorique
760 3831 905 3894 haerebis
928 3830 961 3892 in
985 3849 1046 3894 ore.

70 3950 121 4006 205
158 3943 202 4007 Te
225 3942 295 4024 lyra
317 3941 411 4025 pulsa
433 3961 540 4018 manu,
562 3943 595 4005 te
618 3940 759 4004 carmina
781 3939 891 4001 nostra
914 3938 1079 4014 sonabunt,
1148 3969 1150 3973 ·

158 4049 280 4130 flosque
302 4067 403 4113 novus
428 4049 544 4130 scripto
569 4048 706 4130 gemitus
729 4045 895 4109 imitabere
918 4046 1053 4141 nostros.

158 4156 297 4236 Tempus
321 4157 354 4220 et
376 4154 456 4218 illud
479 4154 548 4231 erit,
573 4173 633 4235 quo
659 4173 691 4218 se
715 4152 907 4218 fortissimus
930 4151 1023 4215 heros
1060 4219 1061 4223 ,

160 4260 258 4326 addat
280 4262 313 4325 in
334 4263 420 4326 hunc
443 4260 554 4324 florem
578 4260 714 4342 folioque
737 4261 863 4341 legatur
887 4245 1014 4322 1011111.Ί

1020 4362 1077 4416 Ἃ*
