2858 4710
539 250 594 304 Lib.
613 249 647 316 X,
665 267 688 304 v,
708 250 857 304 are-348.

171 410 315 492 Myrrha,
338 410 486 491 facesque
511 429 585 475 suas
610 430 628 475 a
652 411 781 476 crimine
804 412 945 476 vindicat
967 413 1037 477 isto.

175 515 291 599 Stipite
315 519 347 580 te
372 517 482 600 Stygio
505 518 700 600 tumidisque
725 518 855 583 adflavit
879 499 1019 584 echidnis

178 642 194 687 0
220 624 321 688 tribus
345 642 409 687 una
433 642 528 688 00101.
575 623 685 689 Scelus
710 626 759 689 001
783 625 884 689 odisse
907 628 1089 708 parentem:

72 737 135 792 315
175 730 228 793 1110
252 749 339 794 amor
362 733 411 794 est
435 731 503 795 odio
527 732 631 795 maius
656 733 768 796 scelus.
813 731 962 813 Undique
985 734 1056 798 1001

176 839 211 901 10
235 839 367 921 cupiunt
389 856 543 920 proceres,
567 840 697 920 totoque
721 840 841 904 oriente
863 841 1012 905 iuventus

178 944 220 1008 ad
243 945 377 1009 thalami
400 947 561 1010 certamen
585 946 684 1009 adest.
729 947 776 1009 Ex
800 949 944 1012 omnibus
968 966 1068 1010 unum

178 1051 267 1132 elige,
290 1052 431 1134 Myrrha,
454 1053 575 1115 virum:
599 1053 676 1116 dum
699 1071 738 1116 ne
763 1053 805 1116 sit
827 1053 861 1116 in
884 1053 1029 1117 omnibus
1053 1072 1145 1118 unus.

265 1158 326 1222 Illa
350 1159 480 1240 quidem
503 1159 600 1223 sentit
622 1158 774 1239 foedoque
798 1162 956 1242 repugnet
979 1161 1078 1223 amori

78 1272 139 1326 320
178 1266 211 1328 et
234 1283 341 1329 secum
363 1253 438 1347 ‘qno
462 1267 568 1329 mente
592 1264 699 1328 feror?
724 1265 800 1346 quid
823 1257 973 1330 molior?'
999 1266 1120 1347 inquit:

175 1358 235 1448 ‘di,
258 1391 376 1454 precor,
399 1375 432 1436 et
454 1373 557 1455 pietas
581 1373 768 1453 sacrataque
791 1372 862 1435 iura
885 1374 1064 1454 parentum,

179 1476 240 1540 hoc
262 1478 425 1560 prohibete
449 1477 538 1543 nefas
562 1479 734 1558 scelerique
758 1479 897 1542 resistite
921 1480 1037 1556 nostro,
1062 1516 1104 1525 -

178 1583 205 1647 si
228 1586 337 1649 tamen
360 1586 419 1650 hoc
443 1587 545 1650 000110
570 1587 627 1649 001.
675 1584 738 1649 Sed
763 1586 848 1649 enim
870 1585 1020 1650 damnare
1043 1587 1178 1668 negatur

177 1690 261 1755 hane
283 1711 430 1756 venerem
453 1693 564 1775 pietas,
588 1694 763 1773 coeuntque
788 1693 938 1756 animalia
960 1693 1047 1757 nullo

82 1805 140 1859 325
180 1799 284 1861 001010
307 1799 431 1863 delicto.
477 1798 544 1863 Nec
566 1798 703 1862 habetur
725 1800 818 1880 turpe
841 1798 990 1863 iuvencae

179 1903 259 1968 ferre
282 1907 406 1987 patrem
430 1908 528 1987 terge,
549 1904 586 1967 fit
610 1922 689 1985 equo
713 1922 772 1967 010
794 1904 859 1967 filia
884 1905 1025 1981 coniunx,

180 2028 322 2092 quasque
347 2013 465 2076 creavit
487 2012 547 2075 init
569 2011 705 2094 pecudes
729 2029 831 2093 caper,
853 2004 994 2094 ipsaque,
1018 2011 1107 2076 cuius

180 2119 299 2182 semine
324 2121 474 2202 concepta
497 2121 555 2195 001,
579 2137 615 2182 ex
637 2119 692 2182 illo
717 2118 852 2204 concipit
875 2117 949 2180 0100.

179 2223 308 2302 Felices,
333 2226 447 2307 quihus
470 2226 533 2289 1010
555 2225 668 2290 licent!
692 2224 843 2287 Humana
865 2224 1023 2305 maHgnas

85 2339 143 2393 330
182 2348 258 2394 0110
281 2331 368 2395 dedit
390 2333 486 2414 leges,
511 2335 543 2397 et
567 2331 650 2414 quod
673 2333 789 2395 natura
812 2330 956 2407 remittit,
1012 2355 1015 2362 ·

180 2437 287 2501 invida
309 2439 380 2503 1110
402 2442 531 2521 negant.
577 2439 696 2504 Gentes
719 2441 829 2502 tamen
853 2456 921 2502 esse
944 2437 1098 2514 feruntur,

180 2545 214 2606 in
238 2545 352 2626 quihus
376 2549 408 2610 et
431 2548 506 2610 nato
530 2547 672 2628 genetrix
695 2547 727 2610 01
750 2547 827 2609 1010
849 2544 970 2626 parent'

184 2651 336 2733 iungitur,
360 2655 392 2717 ct
414 2653 516 2735 pietas
540 2653 701 2735 geminato
726 2652 840 2716 crescit
864 2669 979 2715 amore.

180 2758 233 2823 Me
255 2760 415 2837 miseram,
439 2760 523 2841 quod
545 2779 608 2823 non
630 2759 720 2823 nasci
741 2759 821 2822 mihi
843 2758 977 2838 contigit
998 2758 1072 2833 illic,

88 2872 145 2928 335
182 2865 373 2948 fortunaque
396 2867 457 2931 1001
479 2866 605 2930 laedor!
629 2900 672 2910 —
696 2864 780 2943 Quid
802 2865 836 2927 in
858 2865 921 2927 ista
944 2863 1112 2928 revolvor?

185 2971 263 3055 Spes
285 2973 472 3037 interdictae
497 2971 664 3037 discedite!
688 2971 813 3053 Dignus
838 2970 938 3033 amari

181 3079 244 3156 ille,
268 3079 323 3144 sed
346 3081 384 3144 ut
405 3082 505 3162 pater,
529 3081 586 3143 est.
608 3112 652 3124 -
675 3079 758 3159 Ergo
783 3077 809 3141 si
831 3077 897 3140 filia
919 3077 1028 3158 magni

182 3205 245 3250 non
269 3205 372 3251 essem
395 3185 539 3269 Cinyrae,
563 3184 697 3268 Cinyrae
722 3185 929 3249 concumbere
952 3201 1094 3266 possem3

182 3312 267 3357 nunc
290 3293 364 3374 quia
387 3294 452 3357 iarn
473 3311 564 3356 meus
588 3295 646 3370 est,
669 3311 732 3356 non
755 3294 804 3357 est
826 3310 927 3368 meus,
949 3290 1080 3374 ipsaque
1105 3290 1220 3354 damno

91 3407 146 3462 340
183 3402 233 3464 est
255 3400 336 3463 mihi
357 3400 559 3483 proximitas:
584 3400 687 3464 aliena
709 3400 867 3482 potentior
891 3417 1003 3463 essem.

181 3507 233 3571 Ire
257 3508 336 3571 libet
358 3508 468 3590 procul
490 3507 564 3571 hinc
587 3507 772 3589 patriaeque
795 3507 973 3587 relinquere
997 3503 1085 3582 111100,

183 3614 261 3678 dum
284 3615 387 3678 scelus
412 3614 568 3696 effugiam.
614 3613 743 3677 Retinet
765 3613 870 3676 malus
895 3596 988 3675 ardor
1011 3612 1181 3687 amantem,

182 3723 221 3784 ut
243 3739 394 3803 praesens
418 3723 558 3804 spectem
581 3719 732 3803 Cinyram
754 3720 950 3800 tangamque
973 3717 1149 3798 loquarque

184 3828 355 3908 osculaque
380 3827 574 3905 admoveam,
599 3828 625 3891 si
647 3827 694 3890 nil
717 3825 899 3890 conceditur
921 3824 1016 3886 ultra.

92 3941 146 3995 345
182 3934 279 3999 Ultra
302 3936 359 3998 aut
382 3936 560 4016 respectare
584 3931 704 4013 aliquid
726 3932 825 4013 potes,
848 3929 945 4011 impia
968 3927 1079 4009 virgo?

183 4040 226 4103 nt
250 4043 328 4121 quot
351 4039 525 4105 confundas
550 4042 581 4105 et
603 4040 673 4102 iura
697 4039 730 4102 et
752 4036 888 4112 nomina,
913 4035 1037 4099 sentis?

183 4147 273 4211 Tune
297 4148 358 4212 eris
383 4149 415 4211 et
437 4147 549 4211 matris
572 4147 683 4229 paelex
706 4146 738 4208 01
761 4142 906 4207 adultera
929 4141 1053 4223 patris?

183 4254 273 4318 Tune
298 4273 384 4319 soror
406 4254 475 4318 nati
498 4253 701 4334 genetrixque
726 4249 876 4316 vocabere
900 4247 1032 4313 fratris?
