2858 4710
180 262 249 322 T158
320 303 322 306 .
672 250 755 306 Nisus
773 254 801 306 et
819 250 912 321 Scylla.

203 421 237 478 65
274 414 420 479 vulneret
441 412 635 496 imprudens.
681 411 759 492 Quis
783 413 868 477 enim
890 414 958 478 tam
981 411 1090 490 durus,
1113 413 1150 476 ui
1171 413 1205 477 in
1229 414 1261 478 te

276 518 410 603 dirigere
433 520 579 585 inmitem
601 538 665 584 non
688 519 806 584 insoius
830 518 946 599 audeat
968 505 1133 584 hastaml'

362 626 482 710 Coepta
503 626 638 709 planant,
662 626 695 690 et
718 627 784 690 stat
807 625 964 690 sententia
987 624 1111 690 tradere
1136 643 1245 692 seeum

274 733 413 799 dotalem
435 733 573 816 patriam
595 731 754 815 finemque
776 732 937 814 imponere
959 732 1051 797 bello.

170 868 171 876 ¹
273 839 397 905 Verum
419 839 500 905 velle
522 856 638 922 pamm
660 840 717 903 est.
761 825 889 902 ‘Aditus
912 838 1057 904 eustodia
1078 841 1184 904 servat

197 955 237 1012 70
276 947 478 1028 claustraque
500 947 665 1028 portarum
688 945 811 1027 genitor
833 947 938 1010 tenet:
961 946 1047 1011 huno
1070 965 1127 1029 ego
1150 947 1255 1012 solum

272 1051 382 1117 infelix
404 1053 510 1130 timeo,
534 1052 620 1116 solus
642 1070 715 1116 mea
737 1053 811 1117 vota
832 1054 985 1116 moratur.
1037 1102 1045 1113 .

273 1159 315 1223 Di
337 1158 487 1236 facerent,
510 1158 578 1223 sine
600 1159 691 1242 patre
714 1157 829 1224 forem!
854 1196 896 1205 -
921 1158 987 1223 Sibi
1010 1159 1144 1242 quisque
1166 1159 1310 1244 profesto

274 1268 323 1333 est
346 1264 442 1331 deus:
465 1265 587 1348 ignavis
609 1266 756 1349 precibus
778 1265 919 1330 Fortuna
941 1266 1106 1348 repugnat.
1325 1283 1329 1290 ·

271 1373 383 1437 Altera
405 1371 594 1437 iamdudum
617 1390 770 1437 suooensa
792 1371 938 1455 eupidine
961 1373 1050 1436 tanto

197 1485 237 1542 ’75
272 1478 403 1563 perdere
427 1478 579 1561 gauderet
603 1478 824 1560 quodou'mque
848 1479 988 1544 obstaret
1011 1479 1119 1543 amori.

269 1586 315 1650 dit
337 1604 394 1650 eur
415 1585 483 1648 ulla
504 1584 586 1649 foret
608 1602 660 1648 me
683 1584 816 1649 fortior?
859 1584 912 1649 Ire
934 1603 991 1668 per
1012 1585 1101 1668 ignes

273 1693 305 1756 et
328 1689 448 1774 gladios
472 1691 584 1755 ausim.
628 1689 697 1755 Neo
718 1691 752 1754 in
773 1692 833 1756 hoo
855 1691 964 1755 tamen
986 1691 1112 1773 ignibus
1134 1693 1209 1757 ullis

273 1800 330 1882 aut
353 1796 466 1880 gladiis
489 1815 567 1880 opus
592 1799 656 1862 est:
681 1815 760 1890 opus
784 1799 833 1863 est
854 1797 934 1862 mihi
956 1797 1042 1863 orins
1064 1800 1206 1882 paterno.

272 1904 335 1969 illa
357 1904 437 1969 mihi
460 1905 509 1970 est
532 1922 608 1968 auro
631 1903 804 1988 pretiosior,
827 1904 883 1968 illa
904 1904 1032 1969 beatam

196 2021 236 2076 80
272 2030 414 2096 purpura
435 2030 487 2076 me
511 2011 639 2093 votique
662 2012 726 2076 mei
748 2011 873 2076 faotura
894 2002 1075 2094 potentem'

360 2118 449 2184 Talia
473 2117 589 2183 dieenti
612 2137 762 2183 aurarum
783 2118 922 2183 maxima
944 2118 1052 2182 nutrix

197 2236 200 2242 ·
275 2244 336 2289 nox
357 2225 538 2302 intervenit,
560 2225 763 2308 tenebrisque
787 2224 918 2290 andaoia
941 2225 1048 2290 erevit.

222 2312 228 2324 ’
275 2331 385 2396 Prima
407 2332 497 2413 quies
521 2330 639 2408 aderat,
663 2349 726 2412 qua
749 2331 834 2395 euris
855 2329 941 2395 fessa
963 2330 1084 2395 diurnis

272 2439 402 2520 peotora
425 2455 555 2501 somnus
577 2437 691 2501 habet:
714 2436 873 2501 thalamos
896 2437 1057 2502 taciturna
1078 2439 1228 2521 potamos

195 2551 236 2607 :85
272 2543 372 2608 intrat
395 2544 428 2608 et
450 2543 527 2628 (beu
548 2541 701 2626 faeinusl)
725 2542 818 2608 fatali
839 2544 917 2608 nata
938 2545 1103 2627 parentem

196 2659 236 2714 86
274 2650 359 2715 erine
383 2668 479 2714 suum
501 2649 624 2732 spoliat,
646 2648 827 2732 praedaque
849 2650 952 2733 potita
972 2649 1110 2715 nefanda

168 2820 173 2832 ,
200 2765 236 2821 88
272 2775 329 2839 per
350 2755 471 2820 medios
492 2756 601 2820 hostes
625 2753 743 2840 (meriti
764 2755 881 2821 fiducia
903 2757 995 2821 tanta
1018 2755 1079 2840 est)

271 2863 415 2947 pervenit
438 2862 478 2927 ad
501 2881 618 2946 regem.
664 2860 767 2941 Quem
791 2862 966 2957 siaadfata
988 2864 1157 2946 paventem
1179 2867 1244 2929 est:

196 2979 236 3034 90
358 2957 482 3035 ‘Suasit
506 2988 594 3034 amor
616 2968 748 3035 faoinus.
793 2969 903 3035 Proles
927 2988 984 3052 ego
1006 2970 1094 3052 regia
1116 2969 1186 3035 Nisi

274 3075 381 3160 Soylla
403 3077 462 3142 tibi
483 3076 574 3141 trado
597 3077 783 3160 patriaeque
806 3095 955 3159 meosque
977 3079 1119 3160 penates.
1240 3088 1241 3091 ’

270 3182 417 3247 Praemia
439 3182 529 3246 nulla
550 3184 624 3265 peto
645 3183 708 3246 nisi
731 3185 772 3247 te.
817 3182 903 3266 Cape
925 3184 1041 3266 pignus
1065 3182 1181 3248 amoris

271 3306 468 3372 purpureum
491 3288 618 3365 crinem,
640 3306 699 3353 neo
721 3307 772 3354 me
795 3307 881 3354 nune
902 3288 1028 3354 tradere
1051 3289 1178 3366 orinsm,

272 3393 328 3460 sed
349 3394 491 3478 patrium
513 3394 573 3460 tibi
595 3394 687 3460 erede
711 3382 823 3478 eaput’
873 3395 1096 3478 Scelerataque
1119 3395 1230 3461 dextra

196 3507 236 3565 95
271 3519 406 3566 munera
427 3501 575 3584 porrexit.
620 3501 723 3567 Minos
746 3503 892 3585 porreota
914 3501 1032 3585 refugit

271 3608 483 3691 turbatusque
506 3607 579 3673 nori
601 3607 764 3690 respondit
785 3607 923 3690 imagine
945 3607 1039 3673 faeti:
1137 3604 1150 3635 ⁶

269 3701 324 3779 ‘Di
346 3715 379 3779 ta
403 3715 633 3792 summoveant,
657 3733 675 3778 o
697 3714 800 3779 nostri
822 3714 954 3794 infamia
976 3715 1080 3792 555515,
1185 3760 1188 3769 s

272 3820 346 3885 orbe
370 3839 436 3899 sno,
459 3821 619 3902 tellusque
643 3820 702 3885 tibi
723 3821 903 3905 pontusque
925 3823 1021 3902 neget
1062 3871 1069 3885 .

272 3925 365 3992 Certe
389 3945 446 4010 ego
469 3947 533 3993 non
555 3927 660 4011 patiar
681 3927 766 3992 Iovis
788 3920 989 4005 1555555515,
1013 3927 1137 4006 Creten,

177 4039 236 4096 100
272 4033 328 4115 qui
349 4052 440 4099 meus
464 4035 513 4100 est
536 4033 629 4112 orbis,
651 4034 779 4099 tantum
803 4032 983 4115 eontingere
1006 4020 1204 4101 monstrum?

394 4262 429 4319 87
448 4261 512 4332 [lert
530 4279 617 4318 seeum
635 4263 746 4350 spolium
765 4261 856 4317 celeris
874 4279 1062 4334 progressaque
1079 4263 1166 4334 pora]
