2858 4710
160 264 230 322 ooo
737 250 818 322 rpus.

160 424 218 479 Ι680
342 414 481 491 Dixerat,
505 414 537 478 et
559 412 698 478 lacrimis
721 412 847 477 vultum
869 413 974 477 lavere
996 410 1133 495 profusis

253 523 321 586 tam
346 520 400 603 qui
422 519 603 598 mandabat,
627 537 724 601 quam
747 519 798 584 eui
820 519 972 584 mandata
995 518 1161 583 dabantur.

256 627 317 694 Sed
341 629 450 692 tamen
471 645 573 709 usque
596 645 691 691 suum
713 627 803 691 vanis
827 627 998 692 Telethusa
1020 626 1173 692 maritum

254 735 404 800 sollieitat
425 734 580 819 precibus,
602 752 642 798 ne
666 751 755 816 spem
779 733 838 798 sibi
860 735 958 816 ponat
980 733 1014 797 in
1038 735 1114 798 arto.

254 842 349 909 Certa
373 859 431 906 sua
455 842 504 905 θεὴ
525 841 625 923 Ligdo
648 840 815 906 sententia.
860 840 993 922 Iamque
1016 838 1144 905 ferendo

92 979 94 987 θ
158 955 217 1013 685
253 949 305 1014 vix
327 950 396 1013 erat
417 948 474 1012 illa
497 966 626 1030 gravem
648 948 775 1011 maturo
797 946 934 1030 pondere
957 948 1111 1025 ventrem,

254 1074 327 1121 oum
349 1054 453 1120 medio
475 1054 577 1119 noetis
601 1054 703 1137 spatio
727 1054 785 1118 sub
808 1054 945 1136 imagine
969 1054 1072 1118 somni

252 1161 380 1227 Inaohis
404 1162 478 1226 ante
500 1162 616 1239 torum,
638 1179 754 1244 pompa
776 1161 928 1226 comitata
952 1179 1122 1238 sacrorum,

255 1270 311 1334 aut
334 1269 425 1333 stetit
448 1269 505 1332 aut
527 1268 595 1332 visa
619 1269 676 1332 est.
720 1267 852 1333 Inerant
874 1267 999 1332 lunaria
1021 1266 1118 1332 fronti

254 1393 372 1441 oornua
395 1394 468 1440 eum
491 1375 585 1458 spieis
608 1374 708 1438 nitido
731 1373 921 1439 flaventibus
945 1393 1022 1439 auro

159 1490 218 1546 690
255 1483 288 1546 et
310 1480 416 1563 regale
440 1480 545 1546 deeus.
591 1479 673 1546 Cum
698 1499 761 1562 qua
783 1481 916 1545 latrator
938 1480 1060 1544 AnubIs

255 1589 429 1669 sanataque
451 1586 604 1651 Bubastis
626 1586 796 1668 variusque
820 1586 975 1652 coloribus
998 1586 1086 1670 Apis,

255 1694 372 1776 quique
395 1693 512 1778 premit
533 1711 643 1758 voeem
666 1692 828 1775 digitoque
851 1693 978 1758 silentia
1001 1693 1126 1771 suadet,

255 1801 413 1882 sistraque
437 1801 529 1866 erant
550 1818 791 1882 numquamque
815 1800 893 1864 satis
918 1800 1081 1882 quaesitus
1106 1799 1206 1866 Osiris

253 1908 411 1992 plenaque
435 1906 613 1973 somniferis
637 1925 766 1991 serpens
788 1907 955 1991 peregrina
977 1907 1115 1972 venenis.

160 2023 218 2079 695
254 2016 336 2079 Tum
358 2015 448 2080 velut
472 2033 638 2079 excussam
661 2032 771 2079 somno
795 2016 828 2079 et
849 2013 1020 2080 manifesta
1041 2013 1203 2080 videntem

255 2122 300 2187 sio
323 2121 431 2187 adfata
454 2122 513 2186 dea
536 2123 602 2186 est:
624 2110 716 2186 ‘Pars
740 2140 757 2186 o
781 2122 953 2187 Telethusa
974 2140 1126 2199 mearum,

254 2247 334 2312 pone
358 2247 471 2312 graves
495 2246 587 2293 ouras
611 2227 826 2310 mandataque
849 2226 924 2293 falle
946 2228 1063 2293 marIti.

254 2334 322 2400 Nee
345 2334 479 2412 dubites,
503 2353 576 2400 oum
597 2335 630 2399 to
652 2336 749 2416 partu
770 2334 892 2398 Luoina
913 2334 1036 2412 levarit,

254 2442 365 2507 tollere
390 2441 544 2523 quidquid
568 2440 636 2504 erit.
680 2440 750 2504 Dea
773 2459 845 2504 sum
868 2440 1029 2506 auxiliaris
1053 2459 1206 2524 opemque

162 2556 218 2612 700
255 2549 383 2613 exorata
405 2546 480 2624 fero,
502 2564 561 2611 neo
584 2548 616 2610 ὴθ
640 2547 776 2611 eoluisse
801 2547 940 2628 quereris

253 2653 416 2736 ingratum
438 2639 580 2717 numen'.
625 2653 751 2717 Monuit
773 2653 977 2735 thalamoque
999 2655 1139 2719 recessit.

342 2760 442 2826 Laeta
465 2761 533 2825 toro
557 2759 660 2842 surgit
681 2778 840 2843 purasque
865 2761 905 2825 ad
928 2761 1032 2825 sidera
1054 2760 1186 2844 supplex

255 2867 370 2934 Cressa
391 2886 506 2932 manus
529 2867 654 2945 tollens,
676 2868 747 2932 rata
771 2867 835 2931 siut
858 2885 916 2932 sua
939 2867 1007 2933 usa
1029 2870 1186 2951 preoatur.

254 2975 301 3040 Ut
325 2975 414 3040 dolor
436 2975 578 3053 increvit,
602 2993 698 3056 seque
721 2974 827 3057 ipsum
849 2973 972 3057 pondus
995 2975 1029 3038 in
1053 2992 1146 3039 auras

162 3088 218 3145 705
256 3082 385 3165 expulit,
409 3083 442 3146 et
463 3083 541 3146 nata
565 3082 614 3146 θεὴ
636 3081 745 3163 lgnaro
768 3079 887 3145 femina
908 3082 1008 3164 patre,

254 3188 349 3252 iussit
372 3188 414 3252 ali
435 3189 540 3253 mater
561 3205 697 3270 puerum
719 3187 871 3251 ment'ta:
893 3187 1052 3269 fidemque

254 3312 306 3359 res
328 3294 450 3372 habuit,
471 3312 575 3375 neque
600 3295 668 3361 orat
689 3293 757 3359 fieti
778 3293 840 3357 nisi
863 3295 987 3359 eonsoia
1009 3294 1125 3360 nutrix.

253 3401 339 3466 Vota
361 3402 452 3485 pater
475 3400 569 3466 solvit
591 3417 769 3482 nomenque
792 3401 927 3484 imponit
950 3401 1088 3466 avitum:

253 3507 342 3592 Iphis
367 3525 444 3572 avus
467 3504 581 3571 fuerat.
627 3505 744 3572 Gavisa
768 3509 817 3572 est
839 3508 965 3572 nomine
988 3510 1101 3585 mater,

161 3625 218 3680 710
256 3614 340 3697 quod
363 3631 528 3706 oommune
550 3612 633 3679 foret
655 3632 713 3680 neo
738 3632 931 3696 quemquam
954 3613 1079 3679 falleret
1100 3614 1165 3680 illo.

253 3721 333 3787 Inde
356 3721 482 3806 inoepta
503 3722 557 3805 pia
579 3721 745 3787 mendacia
767 3720 877 3788 fraude
901 3723 1061 3787 latebant:

255 3829 361 3895 eultus
385 3831 454 3894 erat
475 3829 576 3913 pueri,
598 3827 703 3907 faeies,
727 3847 825 3912 quam
848 3829 914 3894 sive
936 3829 1070 3913 puellae,

256 3936 321 4002 sive
344 3935 436 4001 dares
458 3955 565 4020 puero,
588 3935 693 4002 tuerat
715 3935 872 4001 formosus
895 3938 1039 4018 uterque.

343 4042 467 4108 Tertius
490 4044 612 4108 interea
635 4043 755 4109 deeimo
779 4045 977 4109 suooesserat
1000 4061 1111 4120 annus,

160 4157 217 4213 715
256 4168 328 4214 oum
350 4151 450 4233 pater,
472 4149 553 4233 Iphi,
577 4149 635 4214 tibi
650 4148 774 4214 davum
798 4148 971 4232 despondet
993 4149 1139 4226 Ianthen,

254 4257 338 4321 inter
360 4255 569 4321 Phaestiadas
594 4274 675 4338 quae
698 4255 920 4321 laudatissima
942 4255 1061 4322 formae
