2858 4710
145 267 207 326 206
543 254 657 311 Arbores
675 260 770 312 motas.
806 256 968 329 Cyparissus.

233 419 314 485 colla
337 417 423 485 canis
447 417 535 496 vidit,
559 437 655 500 quem
677 437 741 484 non
763 437 861 502 pavor
884 422 959 485 ante
982 421 1121 503 reliquit,

235 544 332 609 quam
353 527 470 590 natura
491 524 586 608 prior,
610 544 684 591 saro
707 545 764 609 per
787 544 899 609 corpus
923 527 1048 603 oborto;

234 633 351 715 quique
374 632 415 713 in,
431 649 465 696 se
488 632 607 697 crimen
630 633 728 697 traxit
749 632 912 714 voluitque
934 633 1035 698 videri

234 738 350 806 Olenos
374 757 443 803 esse
465 757 592 816 nocens,
614 740 723 820 tuque,
746 757 763 803 o
786 738 904 804 confisa
926 738 1055 821 figurae,

159 855 196 911 70
232 845 341 911 infelix
362 845 511 923 Lethaea,
534 846 618 923 tuae,
641 845 840 911 iunctissima
864 846 1023 927 quondam

233 954 371 1037 pectora,
393 971 479 1018 nunc
500 952 631 1035 lapides,
656 971 735 1034 quos
757 952 867 1017 umida
891 953 1028 1018 sustinet
1048 953 1115 1019 Ide.

234 1059 387 1126 Orantem
408 1058 592 1141 frustraque
615 1060 734 1124 iterum
755 1060 891 1126 transire
914 1057 1075 1126 volentem

232 1166 366 1250 portitor
389 1167 543 1232 arcuerat.
590 1165 721 1249 Septem
743 1167 852 1231 tamen
873 1166 927 1231 ille
952 1167 1064 1232 diebus

233 1273 398 1356 squalidus
421 1272 455 1336 in
477 1272 546 1356 ripa
569 1270 693 1337 Cereris
717 1272 784 1337 sine
807 1291 938 1338 munere
961 1273 1060 1338 sedit:

159 1388 196 1445 75
234 1399 310 1446 cura
334 1379 484 1461 dolorque
508 1378 605 1443 animi
628 1379 841 1461 lacrimaeque
865 1379 1017 1444 alimenta
1039 1379 1137 1446 fruere.

231 1488 311 1552 Esse
335 1486 409 1552 deos
431 1485 527 1550 Erebi
550 1485 692 1551 crudeles
718 1487 859 1568 questus,
882 1487 916 1550 in
939 1488 1039 1552 altam

233 1612 266 1659 se
289 1593 401 1677 recipit
423 1592 596 1675 Rhodopen
618 1592 811 1676 pulsumque
835 1593 1035 1675 aquilonibus
1058 1593 1227 1658 Haemum.

319 1699 445 1765 Tertius
469 1698 634 1781 aequoreis
657 1699 818 1764 inclusum
839 1699 979 1782 piscibus
1004 1718 1123 1765 annum

230 1806 356 1871 finierat
378 1806 480 1885 litun,
503 1823 693 1886 omnemque
716 1804 878 1888 refugerat
902 1804 1047 1890 Orpheus

157 1923 195 1979 80
234 1912 404 1978 femineam
426 1931 583 1990 venerem,
607 1930 664 1976 seu
688 1912 772 1994 quod
793 1914 878 1978 male
901 1915 1040 1978 cesserat
1061 1913 1117 1991 illi,

231 2020 296 2086 sive
319 2020 415 2086 fidem
438 2019 577 2085 dederat.
622 2019 743 2084 Multas
767 2020 877 2085 tamen
899 2020 992 2085 ardor
1014 2020 1152 2085 habebat

230 2126 360 2210 iungere
385 2145 418 2192 se
441 2127 516 2205 vati,
538 2128 660 2192 multae
684 2126 813 2191 doluere
836 2128 992 2210 repulsae.

229 2233 288 2300 Ille
313 2233 410 2299 etiam
433 2235 591 2299 Thracum
613 2232 738 2316 populis
761 2231 823 2297 fuit
846 2235 956 2298 auctor
979 2250 1119 2299 amorem

231 2341 265 2405 in
288 2342 413 2407 teneros
437 2338 608 2405 transferre
630 2356 737 2403 mares
760 2339 903 2420 citraque
926 2339 1091 2405 iuventam

141 2455 194 2527 [85
231 2448 346 2513 aetatis
369 2448 463 2512 breve
486 2463 541 2510 ver
564 2445 596 2508 et
618 2444 737 2526 primos
761 2461 888 2527 carpere
911 2443 1013 2509 fiores.

764 2637 814 2702 57.
837 2637 976 2703 Arbores
997 2643 1107 2704 motae.
1157 2635 1363 2722 Oppcrissas.

318 2762 414 2829 Collis
438 2763 507 2826 erat
530 2760 706 2843 collemque
730 2780 825 2845 super
847 2763 1032 2845 planissima
1055 2764 1157 2849 campi

231 2889 313 2948 area,
338 2887 434 2951 quam
456 2868 589 2933 viridem
611 2867 770 2935 faciebant
793 2871 944 2952 graminis
966 2871 1093 2936 herbae.

230 2977 353 3044 Umbra
375 2976 443 3040 loco
467 2975 591 3040 deerat:
616 2994 679 3057 qua
701 2977 872 3060 postquam
894 2979 984 3059 parte
1007 2977 1126 3042 resedit

229 3083 278 3148 dis
302 3081 427 3164 genitus
451 3083 540 3147 vates
565 3083 598 3146 et
619 3081 675 3146 fila
698 3083 842 3147 sonantia
865 3083 972 3162 movit,

156 3199 192 3255 90
229 3190 343 3254 umbra
365 3190 433 3254 loco
455 3189 552 3254 venit.
596 3188 669 3254 Non
692 3188 830 3255 Chaonis
854 3188 935 3254 afuit
958 3190 1059 3269 arbor,

228 3314 291 3360 non
313 3313 426 3360 nemus
448 3294 629 3373 Heliadum,
651 3313 716 3359 non
738 3295 901 3360 frondibus
925 3297 1071 3362 aesculus
1095 3296 1167 3361 altis

228 3421 287 3468 nec
310 3402 396 3467 tiliae
419 3403 540 3481 molles,
562 3421 622 3468 nec
643 3400 737 3484 fagus
761 3404 794 3467 et
815 3402 935 3467 innuba
956 3404 1076 3482 laurus,

227 3528 286 3574 nec
309 3509 406 3593 coryli
428 3507 556 3592 fragiles
580 3510 612 3574 et
634 3508 774 3573 fraxinus
798 3509 886 3573 utilis
908 3509 1011 3574 hastis

229 3615 400 3698 enodisque
424 3617 509 3680 abies
533 3622 727 3697 curvataque
751 3615 918 3697 glandibus
940 3616 1003 3679 ilex

154 3729 190 3786 95
228 3724 261 3787 et
283 3723 432 3804 platanus
456 3722 587 3804 genialis
612 3740 745 3804 acerque
770 3722 926 3787 coloribus
948 3721 1051 3804 impar

228 3828 464 3911 amnicolaeque
488 3829 584 3894 simul
607 3829 719 3894 salices
743 3829 776 3893 et
800 3827 947 3910 aquatica
968 3828 1050 3893 lotos

227 3936 442 4018 perpetuoque
466 3935 570 4001 virens
593 3936 714 4000 burum
736 3936 912 4016 tenuesque
935 3933 1074 4018 myricae

228 4042 261 4105 et
283 4041 400 4107 bicolor
421 4043 546 4125 myrtus
569 4043 602 4106 et
624 4042 710 4106 bacis
734 4040 862 4106 caemla
883 4039 980 4105 tinus.

227 4148 294 4213 Vos
319 4167 452 4231 quoque,
474 4147 810 4234 flexipedeslghederae
832 4147 963 4212 venistis
987 4148 1020 4214 et
1041 4165 1107 4213 una

130 4266 189 4318 100
217 4256 412 4340 pampineae
436 4255 516 4321 vites
540 4257 573 4319 et
596 4255 729 4320 amictae
752 4252 872 4320 vitibus
895 4253 984 4332 ulmi,
