2858 4710
522 279 630 349 101,
650 299 673 336 v.
693 282 824 338 00-101.

149 439 282 521 ornique
306 440 467 523 01010000
490 460 646 524 pomoque
670 446 801 509 onerata
823 446 952 510 rubenti

151 546 284 610 arbutus
308 548 340 610 et
363 547 628 625 10110011010110
651 551 801 632 praemia,
823 552 948 634 palmae

150 654 183 716 et
206 653 366 718 succincta
389 651 496 719 cor'nas
518 654 707 738 hirsutaque
731 657 848 722 vertice
871 658 974 740 pinus,

150 761 241 842 grata
264 759 360 824 deum
382 761 495 836 matri3
519 761 678 843 siquidem
701 762 870 846 Cybeleius
892 765 979 828 Attis

56 872 111 929 105
150 866 237 930 exuit
259 866 319 932 hac
341 867 501 932 hominem
525 869 702 951 truncoque
724 869 869 934 induruit
890 871 954 935 1110.

236 971 348 1037 Adfuit
371 973 445 1038 huic
467 974 580 1038 turbae
603 977 706 1038 metas
729 975 856 1040 imitata
879 995 1057 1059 cupressus,

148 1099 232 1144 nuno
256 1080 357 1157 arbor,
378 1098 458 1162 puer
482 1082 557 1145 ante
581 1080 638 1145 deo
662 1080 797 1147 dilectus
821 1083 860 1146 ab
883 1083 947 1160 illo,

149 1185 204 1267 qui
227 1186 382 1250 citharam
403 1186 509 1251 nervis
533 1188 566 1251 01
588 1189 693 1252 nervis
717 1190 875 1273 temperat
898 1208 1022 1255 arcum.-

101 1351 102 1354 ,
147 1292 294 1375 Namque
318 1311 406 1358 sacer
428 1293 577 1376 nymphis
601 1292 759 1359 Carthaea
782 1296 965 1360 tenentibus
988 1314 1064 1361 arva

56 1408 110 1463 110
147 1399 258 1481 ingens
283 1419 395 1465 cervus
419 1401 496 1477 0101,
519 1401 648 1482 1010010
669 1401 854 1484 patentibus
879 1402 961 1466 altas

146 1507 213 1590 1000
237 1525 294 1571 010
318 1507 414 1590 capiti
436 1506 608 1590 praebebat
631 1508 777 1572 cornibus
799 1509 938 1573 umbras.

147 1612 273 1679 Cornua
295 1613 462 1695 fulgebant
485 1632 569 1692 auro,
593 1614 793 1696 demissaque
816 1615 850 1678 in
874 1633 978 1680 armos

146 1720 326 1802 pendebant
348 1720 442 1786 tereti
465 1722 627 1803 gemmata
648 1721 779 1785 monilia
802 1722 892 1786 collo.

148 1827 245 1890 Bulla
267 1845 363 1910 super
385 1825 523 1891 frontem
545 1827 652 1908 parvis
676 1829 827 1908 argentea
848 1827 924 1891 loris

51 1941 108 1997 115
145 1933 253 1999 vincta
275 1933 471 2010 movebatur,
493 1933 650 2015 parilique
675 1935 799 1998 aetate:
821 1933 968 1999 nitebant

145 2041 274 2106 auribus
298 2059 314 2105 e
338 2040 472 2123 geminis
495 2039 614 2104 circum
637 2058 714 2105 aava
737 2042 881 2123 tempora
903 2041 1009 2105 bacae.

144 2146 242 2229 Isque
264 2149 354 2212 metu
376 2165 496 2212 vacuus
518 2147 722 2229 naturalique
744 2165 860 2230 001010

144 2254 286 2337 deposito
310 2255 468 2319 celebrare
492 2252 603 2318 domos
625 2252 857 2336 mulcendaque
881 2253 962 2318 colla

146 2361 321 2442 quamlibet
343 2361 459 2443 ignotis
481 2361 630 2426 manibus
651 2361 803 2444 praebere
827 2360 957 2425 solebat

52 2476 107 2532 120
145 2467 210 2533 Sed
233 2469 342 2532 tamen
365 2469 439 2532 0110
462 2468 549 2546 alios,
573 2467 655 2533 Ceae
677 2467 888 2550 pulcherrime
912 2467 1026 2549 gentis,

144 2576 255 2656 gratus
277 2575 356 2651 erat,
380 2572 557 2656 cyparisse,
579 2574 647 2638 tibi.
693 2574 741 2637 Tu
763 2573 880 2655 pabula
904 2592 1033 2638 cervum

145 2680 296 2758 011010,
320 2683 357 2745 tu
379 2680 492 2762 liquidi
514 2679 651 2744 ducebas
674 2679 769 2743 fontis
794 2678 834 2743 ad
857 2678 986 2757 undam,

98 2844 101 2851 ,
143 2789 179 2851 10
201 2787 294 2852 modo
317 2787 465 2851 nectebas
488 2787 592 2850 varios
615 2803 672 2867 per
695 2803 814 2850 cornua
836 2784 939 2862 flores,

142 2913 227 2959 nunc
250 2911 346 2975 eques
369 2893 403 2956 in
425 2893 514 2974 tergo
536 2891 679 2956 residens
701 2891 766 2955 huc
787 2890 891 2954 laetus
916 2892 949 2955 et
970 2891 1047 2957 illuc

44 3007 106 3065 125
142 3001 252 3066 mollia
273 2999 442 3085 purpureis
464 2998 612 3063 frenabas
636 3015 691 3062 ora
714 2997 869 3080 capistris.

230 3109 347 3172 Aestus
372 3108 441 3171 erat
462 3105 650 3186 mediusque
674 3104 750 3181 dies,
774 3104 912 3186 solisque
935 3122 1050 3188 vapore

144 3233 281 3280 concava
302 3213 407 3278 litorei
429 3212 595 3277 fervebant
616 3210 765 3276 bracchia
788 3211 910 3276 cancri:

137 3320 246 3386 fessus
268 3321 303 3384 in
324 3320 459 3385 herbosa
480 3319 589 3403 posuit
612 3337 671 3382 sua
694 3336 825 3401 corpora
846 3319 934 3382 terra

143 3447 253 3493 cervus
277 3428 310 3492 01
333 3427 463 3492 arborea
485 3425 586 3508 frigus
611 3424 747 3491 ducebat
770 3425 809 3490 ab
832 3425 956 3490 umbra.

42 3543 105 3598 :130
141 3535 235 3600 Hunc
257 3552 337 3617 puer
358 3533 545 3618 imprudens
567 3533 670 3597 iaculo
694 3531 883 3614 Cyparissus
908 3533 1000 3597 acuto

141 3641 227 3706 fixit:
251 3643 285 3706 01
306 3642 345 3704 11
368 3659 461 3705 00010
483 3638 672 3703 morientem
694 3639 825 3703 vulnere
849 3637 939 3716 vidit,

142 3749 222 3813 velle
244 3747 327 3812 mori
350 3748 474 3812 statuit.
519 3744 608 3825 Quae
631 3763 695 3809 non
718 3745 835 3809 solacia
856 3744 1003 3809 Phoebus

141 3853 228 3933 dixit,
251 3856 292 3932 01,
315 3856 354 3919 11
375 3855 487 3919 leviter
509 3872 565 3938 pro
589 3852 787 3934 materiaque
811 3850 940 3929 doleret,

141 3961 322 4026 admonuit!
347 3959 457 4026 Gemit
477 3961 532 4025 ille
554 3962 663 4024 tamen
685 3975 867 4039 munusque
891 3975 1077 4039 supremum

43 4074 103 4132 135
139 4068 199 4132 hoc
220 4069 302 4152 petit
326 4086 344 4132 a
367 4067 499 4151 superis,
521 4069 559 4131 11
581 4068 722 4149 tempore
745 4065 855 4146 lugeat
878 4063 971 4128 omni.

138 4174 272 4259 Iamque
294 4194 351 4260 per
373 4175 533 4239 inmensos
557 4175 663 4256 egesto
687 4171 840 4254 sanguine
862 4170 958 4235 fietus

139 4282 173 4345 11
195 4281 328 4348 viridem
350 4281 432 4347 verti
455 4281 626 4363 coeperunt
647 4279 791 4343 membra
815 4277 960 4354 00101011,

104 4384 203 4455 0110,
221 4387 345 4442 mum.
382 4386 433 4457 (Τ.)
1041 4381 1088 4432 ie
