2858 4710
138 267 201 326 218
531 257 620 312 Venus
639 259 667 309 et
684 255 791 311 Adonis.
827 255 962 311 Atalanta.

224 437 288 482 non
310 418 386 484 tulit
408 418 465 484 illa
486 437 618 495 moram,
641 418 845 498 venientique
869 416 959 480 obvia
981 417 1067 500 ligno

228 526 372 590 subsedit
394 525 570 606 mersitque
594 543 668 589 suos
690 525 724 588 in
749 524 864 589 cortice
887 524 1005 587 vultus.

226 630 315 711 Quae
340 650 536 714 quamquam
560 632 667 696 amisit
689 633 813 696 veteres
837 650 910 695 cum
934 649 1062 713 corpore
1087 650 1207 709 000000,

135 746 189 802 500
224 738 281 802 flet
303 740 420 815 tamen,
444 740 475 804 et
498 738 622 821 tepidae
645 740 778 802 manant
801 757 840 802 ex
862 739 972 802 arbore
996 740 1115 819 guttae.

224 845 284 909 Est
305 845 406 909 honor
429 864 445 910 e
468 845 617 922 lacrimis
640 846 825 926 stillataque
848 845 963 908 cortice
986 863 1096 908 murra

223 971 339 1016 nomen
363 952 437 1016 erile
461 953 549 1016 tenet
571 952 723 1033 nulloque
745 951 903 1016 tacebitur
927 969 1012 1015 aevo.

312 1061 357 1122 At
377 1059 461 1124 male
484 1061 655 1142 conceptus
679 1059 738 1122 sub
761 1059 872 1122 robore
896 1059 1039 1122 creverat
1061 1057 1166 1122 infans

226 1166 461 1247 quaerebatque
484 1166 577 1243 viam,
601 1184 664 1246 qua
688 1184 721 1230 se
745 1164 902 1247 genetrice
925 1165 1037 1229 relicta

136 1277 189 1333 505
226 1273 401 1336 exsereret:
424 1271 529 1337 media
552 1272 701 1353 gravidus
725 1273 830 1335 tumet
854 1272 964 1335 arbore
987 1273 1107 1336 venter.

226 1378 341 1442 Tendit
364 1397 443 1442 onus
466 1380 621 1444 matrem:
645 1397 748 1467 neque
771 1379 892 1442 habent
915 1397 974 1442 sua
997 1380 1094 1444 verba
1116 1380 1247 1458 dolores,

223 1503 283 1548 nec
304 1484 427 1549 Lucina
448 1487 555 1568 potest
576 1487 729 1568 parientis
751 1504 827 1549 voce
849 1485 963 1550 vocari.

222 1591 349 1659 Nitenti
371 1593 479 1657 tamen
503 1594 552 1656 000
575 1592 688 1656 similis
711 1592 907 1672 curvataque
931 1593 1055 1656 crebros

226 1697 281 1760 dat
304 1697 442 1778 gemitus
466 1699 558 1762 arbor
580 1698 784 1779 lacrimisque
809 1697 995 1763 cadentibus
1018 1701 1116 1763 umet.

134 1810 187 1866 510
225 1802 377 1868 Constitit
400 1805 440 1868 ad
463 1823 568 1870 ramos
591 1805 677 1869 mitis
701 1805 822 1869 Lucina
845 1805 988 1870 dolentes

225 1909 428 1993 admovitque
451 1929 566 1976 manus
590 1913 623 1976 00
644 1913 741 1976 verba
763 1930 920 1994 puerpera
943 1911 1029 1976 dixit.

223 2019 325 2082 Arbor
348 2019 415 2100 agit
437 2018 534 2082 rimas
559 2022 592 2082 et
612 2018 689 2082 fissa
713 2019 826 2083 cortice
850 2019 957 2084 vivum

223 2124 328 2188 reddit
351 2143 439 2201 onus,
461 2125 612 2206 vagitque
634 2144 730 2208 puer;
756 2144 852 2206 quem
874 2125 1025 2189 mollibus
1047 2125 1164 2190 herbis..

223 2231 333 2295 naides
357 2231 541 2314 impositum
563 2232 705 2296 lacrimis
728 2251 845 2296 unxere
868 2233 1018 2314 parentis.

136 2345 188 2400 515
224 2337 387 2402 Laudaret
409 2337 524 2403 faciem
546 2338 642 2403 Livor
667 2357 801 2420 quoque.
847 2337 961 2416 Qualia
984 2356 1123 2419 namque

224 2461 354 2526 corpora
376 2442 536 2509 nudorum
557 2443 670 2507 tabula
692 2445 869 2527 pinguntur
891 2447 1054 2522 Amorum,

223 2550 297 2612 talis
322 2552 407 2613 erat:
433 2551 496 2627 000,
519 2569 559 2614 00
582 2550 680 2614 faciat
703 2550 885 2615 discrimina
910 2552 1025 2629 cultus,

224 2657 280 2719 aut
302 2655 377 2720 huic
400 2656 478 2721 adde
501 2657 596 2735 10000,
620 2659 677 2722 000
699 2658 745 2722 1111
769 2657 858 2722 deme
882 2658 1057 2740 pharetras.

754 2944 804 3007 62.
835 2941 942 3007 Vacua
965 2945 994 3006 et
1016 2941 1151 3008 Adonis.
1184 2943 1358 3010 Aiobaota.

310 3083 445 3148 Labitur
469 3086 589 3149 occulte
612 3085 758 3167 fallitque
775 3086 919 3163 volatilis
944 3088 1041 3163 aetas,

134 3195 187 3250 520
224 3190 256 3252 00
279 3190 359 3252 nihil
382 3192 432 3255 000
457 3192 548 3255 anuis
571 3193 719 3256 velocius.
763 3192 823 3257 1110
847 3211 952 3257 sorore

222 3296 318 3358 natus
342 3314 463 3377 avoque
487 3317 553 3375 suo,
577 3299 632 3379 qui
656 3298 799 3363 conditus
824 3300 934 3363 arbore
958 3318 1067 3381 nuper,

221 3420 322 3485 nuper
345 3405 414 3468 erat
437 3405 572 3486 genitus
595 3405 689 3469 modo
711 3405 960 3470 formosissimus
983 3405 1097 3483 101000,

220 3508 286 3572 iam
308 3510 440 3588 iuvenis,
462 3512 527 3576 iam
549 3513 606 3589 vir,
628 3513 693 3576 iam
717 3530 750 3576 se
773 3513 938 3577 formosior
960 3513 1029 3595 ipso
1053 3514 1119 3576 est:

221 3615 286 3680 iam
308 3618 414 3700 placet
436 3621 469 3683 et
491 3619 610 3683 Veneri
633 3620 809 3701 matrisque
833 3620 998 3684 ulcisoitur
1020 3620 1119 3700 ignes.

136 3728 189 3784 525
225 3722 373 3805 Namque
392 3726 601 3808 =pharetratus
626 3726 703 3790 dum
726 3726 782 3790 000
803 3745 882 3809 puer
906 3726 1013 3790 000010
1036 3724 1140 3802 matri,

220 3829 339 3895 inscius
364 3833 502 3896 exstanti
525 3832 694 3897 destrinxit
716 3833 893 3897 harundine
916 3834 1039 3915 pectus.
1100 3838 1102 3841 ’

220 3934 323 4000 Laesa
345 3957 444 4003 manu
466 3942 579 4004 natum
602 3939 661 4004 dea
683 3940 830 4022 reppulit.
875 3939 980 4003 Altius
1005 3940 1113 4003 actum

221 4043 337 4108 vulnus
361 4047 430 4109 erat
453 4046 558 4128 speeie
578 4047 742 4129 primoque
765 4046 921 4110 fefellerat
943 4046 1054 4128 ipsam.

311 4149 413 4232 Capta
435 4152 495 4216 viri
517 4152 619 4216 forma
640 4171 706 4217 non
728 4153 792 4216 iam
816 4151 987 4234 Cythereia
1011 4151 1102 4215 curat

130 4263 185 4318 530
222 4256 325 4334 litora,
347 4276 411 4321 non
434 4259 498 4323 alto
522 4260 638 4342 repetit
659 4259 791 4341 Paphon
814 4277 949 4339 aequore
974 4259 1112 4322 cinctam
