2858 4710
508 271 564 326 Lib.
582 271 629 338 IX,
647 289 671 326 r.
689 271 804 328 25-97.

224 430 359 498 Interior
380 430 498 497 virtute
517 450 608 497 meas
632 432 771 498 divertor
794 431 835 496 ad
858 433 951 510 artes,

149 539 305 622 elaborque
328 537 395 603 uiro
417 538 548 621 longum
570 538 726 605 formatus
748 539 783 604 ln
806 556 951 621 anguem.

148 644 201 726 Qui
221 647 393 730 postquam
414 642 511 710 fieres
534 644 658 710 sinuavi
681 663 793 729 corpus
816 644 851 709 in
873 644 963 709 orbes

92 759 119 815 65
146 771 274 835 eumque
297 750 363 817 fero
385 750 470 816 mori
491 750 635 834 linguam
658 750 792 816 stridore
815 750 980 829 bisulcam,

144 859 209 924 risit
232 860 265 924 et
286 855 433 922 inludens
454 859 582 925 nostras
605 857 790 941 Tirynthius
814 859 898 923 artes

143 982 316 1045 „cunarum
337 964 426 1029 labor
450 965 499 1029 est
522 982 641 1047 angues
665 981 814 1047 superare
837 969 1014 1043 mearum“,

143 1072 225 1151 dixit,
247 1072 305 1150 „et
327 1072 365 1135 ut
386 1069 493 1135 vincas
517 1071 606 1148 alios,
626 1070 773 1148 Acheloe,
796 1069 956 1149 dracones,

141 1197 212 1262 pars
237 1178 334 1260 quota
355 1176 515 1242 Lomaeae
538 1194 667 1260 serpens
691 1176 753 1241 eris
776 1195 860 1252 unus
883 1176 1059 1243 echidnae?

83 1292 111 1348 le
137 1283 334 1366 ¹Vulneribus
358 1281 493 1348 fecunda
516 1281 582 1347 suis
606 1284 675 1347 erat
697 1281 761 1360 illa,
783 1300 842 1347 nec
864 1283 968 1348 ullum

142 1391 178 1456 de
202 1392 331 1456 centum
352 1407 484 1454 numero
508 1389 604 1472 caput
627 1389 676 1453 est
697 1387 826 1471 impune
849 1388 995 1468 recisum,

143 1497 218 1580 quin
241 1496 364 1580 gemino
388 1495 491 1562 cervix
512 1493 628 1560 herede
651 1495 806 1560 valentior
829 1497 922 1560 esset.

141 1603 232 1669 Hanc
255 1621 312 1686 ego
334 1620 493 1667 ramosam
515 1601 599 1666 natis
623 1618 640 1666 e
664 1601 758 1666 caede
782 1601 917 1667 colubris

143 1708 504 1808 crescentemqueNmalo
528 1706 636 1772 domni
659 1706 876 1789 domitamque
898 1700 1023 1774 reclusi.

72 1825 104 1881 75
142 1814 225 1898 Quid
246 1814 312 1880 fore
335 1816 366 1880 te
390 1812 509 1892 credas,
531 1812 649 1878 falsum
672 1812 727 1895 qui
749 1831 860 1878 versus
882 1813 916 1877 in
940 1831 1078 1898 anguem

143 1941 230 1988 arma
252 1922 355 1986 ahena
376 1939 494 1998 moues,
518 1938 613 2002 quem
635 1918 737 1984 forma
758 1919 902 2003 precaria
925 1921 1053 1987 celat?“

229 2029 360 2093 Dixerat
382 2029 417 2092 et
439 2045 563 2091 summo
586 2025 759 2109 digitorum
780 2026 907 2092 vincula
930 2028 1009 2093 collo

142 2136 246 2201 inicit:
271 2134 408 2217 angebar
431 2152 488 2199 ceu
511 2134 644 2216 guttura
666 2132 782 2216 forcipe
803 2151 942 2216 pressus

142 2243 370 2328 pollicibusque
392 2258 481 2306 meas
504 2239 686 2323 pugnabam
710 2239 843 2305 euellere
866 2239 983 2306 fauces.

68 2360 106 2416 80
145 2349 196 2415 Sic
219 2367 343 2432 quoque
364 2346 487 2412 devicto
510 2347 654 2412 restabat
676 2346 773 2411 tertia
795 2347 880 2412 tauri

144 2454 244 2520 forma
265 2453 381 2519 trucis:
404 2455 497 2518 tauro
514 2455 665 2519 mutatus
687 2455 831 2520 membra
853 2453 980 2519 rabello.

144 2560 253 2627 Induit
274 2560 327 2625 ille
350 2559 427 2625 toris
452 2577 471 2624 a
492 2560 584 2625 laeva
605 2561 696 2643 parte
718 2561 863 2638 lacertos,

147 2667 380 2749 admissumque
403 2666 533 2731 trahens
557 2668 702 2749 seqnitur
725 2666 937 2751 depressaque
960 2666 1041 2732 dura

147 2792 261 2839 cornua
282 2773 353 2856 figit
373 2773 471 2838 humo
493 2791 609 2856 meque
633 2774 699 2838 alta
722 2773 837 2839 sternit
858 2774 987 2838 harena.

72 2888 110 2945 85
147 2880 213 2946 Nec
236 2881 313 2945 satis
335 2880 395 2945 hoc
417 2879 538 2944 iuerat:
567 2879 707 2962 rigidum
729 2879 797 2944 iera
821 2879 951 2944 dextera
974 2898 1072 2945 cornu

149 2986 224 3052 dum
246 2988 344 3065 tenet,
365 2985 495 3069 infregit
516 2988 692 3069 truncaque
716 3004 735 3050 a
757 2985 860 3050 fronte
883 2985 1017 3051 revellit.

147 3092 263 3159 Naides
285 3093 352 3170 hoc,
374 3093 476 3176 pomis
500 3094 533 3158 et
555 3091 649 3158 odoro
671 3090 748 3157 flore
770 3093 938 3176 repletum,

150 3201 320 3277 sacrarunt,
343 3199 492 3282 divesque
515 3218 585 3265 meo
607 3199 699 3264 Bona
719 3197 820 3283 Copia
843 3217 942 3264 cornu
963 3186 1037 3264 est‘.

232 3305 372 3385 Dixerat,
394 3307 428 3372 et
449 3307 588 3390 nymphe
610 3307 677 3372 ritu
699 3306 860 3372 succincta
882 3305 1014 3385 Dianae,

73 3421 113 3478 90
148 3431 211 3476 una
232 3413 459 3492 ministrarum,
480 3413 560 3479 lusis
584 3414 746 3496 utrimque
769 3413 900 3497 capillis,

147 3517 274 3584 incessit
296 3520 462 3602 totumque
485 3520 564 3586 tulit
585 3520 760 3604 praedivite
784 3539 883 3586 cornu

28 3678 31 3681 r
150 3626 338 3690 autumnum
361 3628 393 3692 et
414 3645 551 3705 mensas,
573 3627 678 3692 felicia
700 3646 803 3711 poma,
826 3627 992 3694 secundas.

149 3729 217 3795 Lux
239 3732 331 3811 subit,
354 3734 387 3797 et
407 3733 509 3816 primo
532 3733 664 3800 feriente
688 3735 854 3800 eacumina
877 3736 942 3801 sole

150 3835 313 3903 discedunt
333 3839 478 3906 iuvenes:
501 3860 606 3924 neque
630 3841 714 3907 enim
737 3841 815 3908 dum
837 3841 972 3945 fiumina
993 3860 1107 3928 pacem

75 3949 115 4009 95
152 3945 184 4008 et
204 3944 340 4027 placidos
362 3947 501 4014 habeant
522 3950 632 4033 lapsus
655 3951 806 4032 totaeque
829 3950 980 4030 residant,

154 4051 362 4133 opperiuntur,
385 4072 496 4135 aquae.
541 4055 663 4123 Vultus
685 4059 846 4123 Achelous
869 4061 1012 4141 agrestes

155 4156 186 4219 et
205 4157 343 4224 lacerum
367 4178 464 4227 cornu
486 4164 598 4230 mediis
622 4165 718 4248 caput
741 4165 863 4231 abdidit
885 4165 989 4232 undis.
