2858 4710
469 244 529 299 111.
547 245 618 314 vm,
635 262 659 301 v.
678 243 800 302 os-rer

206 405 301 482 Dixit,
324 406 357 470 et
379 406 417 469 ut
439 406 525 488 leges
549 407 649 490 captis
672 406 868 471 iustissimus
894 408 1007 473 auetor

122 512 260 578 hostibus
283 512 442 594 imposuit,
465 512 575 577 elassis
598 512 775 578 retinaoula
797 513 875 578 solvi

120 620 211 684 iussit
233 620 265 684 11
288 619 412 683 aeratas
435 618 561 701 impleri
582 620 701 701 remige
723 638 854 702 puppes.

207 712 316 808 Soylla‘
334 724 416 789 freto
438 726 608 807 postquam
632 724 784 791 deductas
807 744 882 791 nare
906 726 1028 791 eminas

42 839 84 896 115
116 851 174 897 neo
195 833 358 915 praestare
382 830 495 896 duoem
518 832 644 896 sceleris
668 832 727 896 sibi
749 832 891 915 praemia
913 833 1001 912 vidit,

116 939 311 1021 consumptis
333 937 480 1021 preoibus
501 938 675 1003 uiolentam
698 939 815 1004 transit
837 939 871 1003 in
893 939 984 1018 111111,

113 1043 345 1126 intendensque
367 1062 491 1122 manus,
512 1045 615 1128 passis
638 1044 811 1110 furibunda
833 1045 964 1128 oapillis,

113 1139 193 1233 ‘quo
214 1137 325 1232 fogis'‚
349 1151 505 1216 exclamat
524 1138 730 1216 ‘meritorum
755 1152 882 1217 auctore
904 1152 1024 1230 reliota

110 1269 133 1322 o
156 1256 277 1340 patriae
300 1258 441 1341 praelate
464 1274 562 1335 meae,
585 1258 726 1340 praelate
749 1258 899 1341 parenti?

25 1372 77 1428 110
106 1352 187 1443 Quo
209 1362 302 1445 iugis,
324 1364 470 1428 inmitis?
501 1363 591 1451 ouius
614 1364 745 1429 viatoria
766 1366 913 1429 nostrum

113 1471 149 1535 et
171 1470 274 1535 seelus
299 1471 332 1534 et
353 1470 505 1534 meritum
528 1472 586 1535 est.
630 1470 698 1536 Neo
720 1472 752 1536 11
776 1470 852 1535 data
873 1455 1016 1548 munera,
1038 1472 1098 1537 neo
1119 1473 1152 1538 te

112 1577 222 1641 noster
245 1593 334 1640 amor
355 1576 463 1654 morit,
485 1595 544 1641 neo
568 1577 651 1659 quod
675 1596 746 1660 spes
770 1577 872 1642 omnis
894 1577 928 1641 in
951 1596 1053 1643 unum

112 1685 148 1747 te
170 1701 243 1747 mea
266 1683 415 1764 congesta
439 1684 510 1747 est?
541 1682 626 1747 Nam
650 1701 711 1765 quo
735 1683 861 1748 deserta
883 1685 1047 1749 revertar?

112 1789 154 1854 In
175 1789 335 1872 patriam?
367 1788 524 1872 Superata
546 1789 638 1854 iaoet.
685 1789 747 1856 Sed
769 1791 852 1873 finge
875 1809 1020 1872 manere:

20 1904 72 1961 115
112 1895 289 1979 proditione
312 1914 384 1960 mea
407 1896 516 1960 olausa
539 1898 589 1961 est
611 1897 698 1961 mihi.
743 1897 849 1961 Patris
874 1897 914 1962 ad
937 1915 999 1974 ora,

114 2014 211 2084 quem
232 2002 291 2066 tibi
314 2001 449 2067 donari?
473 2040 515 2049 —
539 2001 631 2068 Oires
655 2003 749 2068 odere
771 2004 957 2080 merentem,

112 2108 240 2172 finitimi
263 2109 445 2192 exemplum
464 2111 623 2174 metuunt
669 2108 891 2175 absumimus
916 2109 1023 2173 orbem

113 2216 282 2292 terrarum,
304 2215 395 2281 nobis
418 2216 455 2280 ut
478 2214 573 2281 Crete
595 2216 662 2281 sola
684 2217 818 2298 pateret.

115 2320 207 2386 Hane
231 2340 355 2404 quoque
379 2322 407 2386 si
429 2323 575 2405 prohibes
599 2325 632 2387 11
654 2340 721 2400 nos,
742 2322 875 2404 ingrate,
898 2322 1060 2404 relinquis,

20 2437 75 2493 120
113 2447 177 2492 non
199 2427 341 2510 genetrix
363 2428 491 2511 Europa
513 2429 572 2494 tibi
595 2430 653 2507 est,
676 2429 732 2493 sed
753 2429 913 2512 inhospita
937 2428 1049 2513 Syrtis,
1134 2412 1135 2415 ¹

113 2534 281 2599 Armeniae
303 2534 402 2617 tigres
425 2537 598 2617 austroque
622 2537 744 2618 agitata
766 2535 952 2619 charybdis.

115 2640 183 2705 Neo
204 2640 279 2706 Iore
302 2642 340 2705 tu
361 2642 466 2719 natus,
488 2659 548 2706 neo
569 2643 674 2706 mater
695 2642 834 2724 imagine
857 2643 944 2706 tauri

115 2746 211 2812 dueta
233 2748 290 2811 tua
313 2749 377 2822 est;
400 2748 524 2829 generis
546 2747 628 2812 falsa
652 2751 702 2813 est
724 2767 763 2813 ea
783 2747 909 2813 fabola:
933 2767 1027 2815 verus

114 2854 146 2917 11
167 2852 254 2919 ferus
278 2855 311 2918 et
333 2856 446 2937 eaptus
467 2854 588 2918 nullius
612 2872 717 2918 amore
741 2855 900 2931 1111111111,

23 2965 77 3021 125
114 2960 169 3041 qui
191 2961 223 3025 te
245 2961 421 3043 progenuit
443 2961 557 3025 taurus
580 2959 650 3024 fuit.
694 2961 792 3043 Exige
815 2977 942 3043 poenas,

113 3066 189 3130 Nise
211 3067 318 3150 pater!
348 3067 483 3149 gaudete
506 3066 609 3145 malis,
630 3066 723 3131 modo
745 3066 879 3150 prodita,
901 3064 1030 3130 nostris*

112 3173 265 3238 1111111111-
281 3191 358 3237 nam
381 3173 490 3252 fateor,
512 3174 617 3240 merui
640 3175 672 3240 11
695 3193 767 3239 sum
790 3173 886 3256 digua
908 3173 1019 3257 perire

115 3277 176 3343 Sed
198 3281 307 3345 tamen
330 3298 367 3345 ex
390 3280 454 3344 illis
473 3280 602 3362 aliquis,
627 3281 827 3365 quos‘impia
847 3280 935 3358 laesi,

114 3402 165 3449 me
187 3386 333 3469 perimat.
379 3386 452 3464 Cur,
476 3388 532 3469 qui
554 3387 658 3453 vioisti
681 3387 810 3453 erimine
833 3388 950 3465 nostro,

27 3495 78 3551 130
111 3489 288 3572 insequeris
312 3492 454 3557 orimen'?
485 3491 597 3558 Soelus
619 3494 679 3557 hoo
700 3493 884 3577 patriaeque
907 3492 1063 3574 patrique,

113 3595 254 3663 offioium
276 3597 334 3662 tibi
357 3600 407 3663 sit.
453 3599 497 3663 Te
520 3617 595 3664 vere
616 3599 747 3680 ooniuge
770 3597 866 3680 digna
889 3599 948 3675 est,

113 3720 193 3783 quae
216 3705 345 3768 torvum
366 3704 451 3787 ligno
475 3704 599 3788 deoepit
622 3704 767 3769 adultera
783 3705 924 3768 ¹taurum

112 3808 352 3890 discordemque
374 3813 466 3876 utero
489 3793 592 3876 fetum
614 3811 700 3874 tulit.
744 3811 867 3892 quuid
890 3811 931 3876 ad
954 3828 1047 3895 aures

110 3916 301 3998 perveniunt
323 3933 395 3981 mea
418 3916 502 3982 diota
524 3919 622 3982 tuas?
651 3919 702 3981 An
723 3916 831 3981 inania
853 3919 941 3983 venti
1025 3997 1027 4001 Ι

27 4025 77 4080 135
111 4023 207 4087 verba
230 4021 338 4086 ferunt
358 4022 508 4106 idemque
529 4025 612 4102 tuas,
634 4024 767 4106 ingrate,
791 4024 937 4089 aerinas?

110 4127 180 4192 Iam
202 4129 268 4192 iam
289 4126 468 4211 Pasiphaen
481 4149 553 4195 non
577 4132 627 4195 est
647 4130 790 4194 mirabile
813 4131 943 4196 taurum

111 4233 330 4318 praeposuisse
353 4234 429 4300 tibi:
452 4237 490 4300 tu
512 4237 585 4319 plus
608 4236 744 4302 feritatis
767 4233 915 4302 habebas.

75 4335 171 4408 01111,
191 4338 316 4393 Marenen.
353 4339 404 4406 (Τ.)
755 4404 756 4408 1
995 4344 1028 4398 11
