2858 4710
126 285 196 345 ’116
697 278 788 332 Niobe.

220 437 272 502 cui
294 437 385 503 licuit
409 437 468 502 soli
491 455 679 521 superorum
702 440 833 521 tangere
856 458 993 517 mensas,

221 542 391 608 Pleiadum
415 562 503 608 soror
527 546 576 608 est
599 545 743 626 genetrix
765 564 846 623 mea,
869 546 1028 610 maximus
1051 547 1143 610 Atlas

131 657 184 713 115
221 651 271 715 111
295 668 383 727 arus,
407 649 585 714 aetherium
609 650 663 731 qui
686 649 749 714 fert
772 652 945 717 cervicibus
969 670 1075 724 axem;

220 755 365 840 Iuppiter
388 757 470 820 alter
493 774 591 820 avus:
616 775 722 820 socero
746 776 871 840 quoque
896 758 1012 839 glorior
1034 758 1098 822 illo.

220 862 273 928 Me
298 864 410 945 gentes
432 864 583 928 metuunt
605 862 772 945 Phrygiae,
795 882 846 928 me
870 864 958 946 regia
981 863 1094 930 Cadmi

221 969 280 1034 sub
304 968 432 1034 domina
455 970 513 1045 est,
535 968 714 1050 fidibusque
737 969 801 1034 mei
824 970 993 1034 commissa
1015 971 1120 1035 marit'

221 1075 347 1140 moenia
370 1094 444 1139 cum
466 1075 591 1158 populis
616 1092 634 1139 a
656 1094 771 1157 meque
794 1076 924 1157 viroque
947 1079 1111 1158 reguntur.

133 1188 186 1244 180
222 1180 262 1245 In
285 1199 521 1263 quamcumque
544 1181 658 1246 domus
682 1182 804 1246 adverti
826 1183 949 1246 lumina
971 1185 1106 1266 partem,

221 1288 385 1353 inmensae
410 1289 596 1370 spectantur
619 1307 702 1372 opes.
747 1289 879 1353 Accedit
901 1289 1012 1354 eodem

152 1383 154 1387 ’
224 1394 322 1476 digna
345 1394 405 1457 dea
426 1393 532 1458 facies.
577 1393 650 1457 Huc
673 1396 766 1458 natas
791 1394 879 1458 adice
904 1397 1027 1477 septem

222 1503 256 1565 et
279 1500 414 1564 totidem
435 1500 566 1564 iuvenes
590 1501 623 1564 et
645 1518 718 1564 mox
742 1519 937 1582 generosque
960 1519 1134 1582 nurusque.

223 1605 374 1686 Quaerite
397 1624 491 1682 nunc,
513 1605 630 1669 habeat
653 1623 752 1686 quam
774 1608 885 1670 nostra
908 1607 1056 1689 superbia
1079 1626 1220 1685 causam,

133 1719 185 1777 105
221 1712 328 1778 111110
353 1730 479 1794 quoque
504 1711 619 1776 audete
643 1713 749 1775 satam
771 1712 919 1776 Titanida
943 1712 1024 1778 Coeo

222 1819 380 1884 Latonam
402 1817 561 1902 praeferre
585 1817 673 1894 mihi,
697 1817 749 1882 cui
770 1819 910 1882 maxima
934 1820 1095 1900 quondam

222 1926 371 2009 exiguam
393 1926 503 1990 sedem
525 1923 688 2008 pariturae
711 1925 798 1988 terra
820 1925 957 2006 negarit.

221 2031 289 2098 Nec
312 2033 399 2098 caelo
421 2050 481 2098 nec
502 2032 600 2096 humo
623 2050 682 2096 nec
705 2031 796 2112 aquis
821 2031 880 2096 dea
902 2033 1009 2095 vestra
1031 2032 1159 2114 recepta
1184 2034 1252 2097 est:

222 2139 314 2204 exsul
337 2141 406 2204 erat
428 2139 548 2216 mundi,
572 2137 671 2202 donec
693 2137 847 2201 miserata
870 2140 1042 2218 vagantem

134 2250 188 2309 190
224 2245 375 2329 „hospita
397 2248 435 2310 tu
457 2245 551 2309 terris
576 2262 672 2321 erras,
696 2249 777 2325 ego“
801 2243 879 2307 dixit
902 2244 960 2320 „in
983 2244 1100 2308 undis“

221 2351 468 2433 instabilemque
491 2351 598 2414 locum
620 2349 718 2414 Delos
742 2349 837 2413 dedit.
882 2349 943 2414 Illa
967 2350 1102 2414 duorum

221 2456 307 2523 facta
329 2475 463 2541 parens:
487 2457 572 2521 uteri
593 2474 668 2539 pars
690 2456 770 2520 haec
793 2457 842 2520 est
866 2456 1001 2539 septima
1024 2456 1132 2520 nostri.

225 2563 306 2629 Sum
328 2563 420 2629 felix:
445 2562 523 2645 quis·
541 2562 626 2627 enim
648 2563 744 2644 neget
766 2562 850 2626 hoc?
873 2561 1010 2644 felixque
1033 2562 1184 2627 manebo:

221 2671 282 2735 hoc
306 2688 432 2752 quoque
456 2668 527 2751 quis
551 2668 698 2733 dubitet?
721 2669 828 2733 tutam
851 2686 902 2732 me
926 2668 1015 2752 copia
1038 2668 1122 2734 fecit.

134 2784 185 2841 195
221 2776 325 2841 Maior
348 2795 429 2853 sum,
454 2793 551 2856 quam
574 2775 625 2838 cui
647 2774 748 2858 possit
770 2775 912 2839 Fortuna
933 2793 1055 2852 nocere,

221 2883 389 2965 multaque
412 2884 450 2946 ut
473 2881 596 2964 eripiat,
616 2882 721 2946 multo
743 2880 824 2944 mihi
846 2881 939 2963 plura
961 2881 1130 2962 relinquet.

221 2990 394 3055 Excessere
415 2991 540 3053 metum
562 3006 635 3053 mea
657 2988 722 3052 iam
744 2988 835 3052 bona.
879 2987 1005 3068 Fingite
1029 2987 1113 3051 demi

221 3096 297 3160 huic
320 3096 440 3178 aliquid
462 3096 578 3179 populo
601 3096 752 3159 natorum
774 3112 866 3177 posse
890 3111 1043 3169 meorum,

192 3189 285 3268 ’101
308 3204 418 3266 tamen
441 3201 676 3265 adnumerum
699 3200 825 3281 redigar
848 3200 983 3282 spoliata
1007 3200 1152 3276 duorum,

132 3316 185 3373 100
221 3308 362 3373 Latonae
386 3307 530 3372 turbam:
556 3324 618 3388 qua
643 3308 800 3387 quantum
824 3305 924 3369 distat
948 3306 987 3370 ab
1010 3306 1110 3370 orba?

219 3414 279 3493 111,
303 3414 391 3492 11111,
413 3431 544 3497 propere
567 3412 621 3490 ite,
645 3412 727 3477 sacri
750 3413 799 3476 est
821 3412 1013 3492 laurumque
1038 3412 1160 3494 capillis

221 3507 347 3606 ponite.²
394 3520 567 3604 Deponunt
589 3520 622 3584 et
645 3537 735 3584 sacra
758 3517 877 3582 infecta
900 3518 1095 3599 relinquunt,

222 3628 369 3711 quodque
392 3627 476 3704 licet,
499 3626 597 3691 tacito
621 3626 815 3690 venerantur
837 3642 1001 3689 murmure
1025 3642 1153 3715 numen.

309 3734 480 3817 Indignata
503 3732 562 3797 dea
586 3734 636 3797 111
660 3748 847 3812 summoque
870 3730 904 3794 in
927 3730 1045 3794 vertice
1069 3729 1188 3813 Cynthi

73 3900 77 3907 .
131 3849 185 3908 105
221 3843 340 3907 talibus
365 3843 415 3907 est
438 3839 531 3905 dictis
555 3839 681 3922 gemina
705 3857 779 3903 cum
801 3838 887 3920 prole
910 3837 1035 3901 locuta:

218 3936 282 4013 ‘En
306 3967 363 4031 ego
386 3949 494 4013 vestra
516 3964 641 4029 parens,
664 3945 753 4010 vobis
777 3944 919 4009 animosa
943 3942 1068 4020 creatis,

223 4056 256 4121 et
278 4055 342 4120 nisi
362 4053 478 4119 Iunoni
500 4051 582 4116 nulli
605 4069 735 4116 cessura
758 4049 899 4125 dearum,

222 4180 264 4228 an
289 4160 349 4227 dea
372 4160 434 4225 sim
458 4158 585 4224 dubitor
607 4175 726 4241 perque
751 4156 857 4220 omnia
880 4156 1008 4220 saecula
1032 4156 1127 4220 cultis

223 4286 341 4346 arceor,
364 4287 382 4332 o
404 4266 482 4343 nati,
505 4265 568 4330 nisi
590 4282 647 4328 vos
671 4262 866 4339 succurritis,
890 4262 963 4326 aris.
