<?xml version="1.0" encoding="UTF-8"?>
<!DOCTYPE html PUBLIC "-//W3C//DTD XHTML 1.0 Transitional//EN"
    "http://www.w3.org/TR/xhtml1/DTD/xhtml1-transitional.dtd">
<html xmlns="http://www.w3.org/1999/xhtml" xml:lang="en" lang="en">
 <head>
  <title>
</title>
<meta http-equiv="Content-Type" content="text/html;charset=utf-8" />
  <meta name='ocr-system' content='tesseract 3.04.00' />
  <meta name='ocr-capabilities' content='ocr_page ocr_carea ocr_par ocr_line ocrx_word'/>
</head>
<body>
  <div class='ocr_page' id='page_1' title='image "./diemetamorphose02magngoog_0100.png"; bbox 0 0 2858 4710; ppageno 0'>
   <div class='ocr_carea' id='block_1_1' title="bbox 521 971 975 1065">
    <p class='ocr_par' dir='ltr' id='par_1_1' title="bbox 521 971 975 1065">
     <span class='ocr_line' id='line_1_1' title="bbox 521 971 975 1065; baseline 0.013 -9"><span class='ocrx_word' id='word_1_1' title='bbox 521 971 690 1056; x_wconf 79' lang='lat' dir='ltr'>LIBER</span> <span class='ocrx_word' id='word_1_2' title='bbox 721 972 975 1065; x_wconf 78' lang='lat' dir='ltr'><strong>DECIMUS.</strong></span> 
     </span>
    </p>
   </div>
   <div class='ocr_carea' id='block_1_2' title="bbox 891 1199 1355 1288">
    <p class='ocr_par' dir='ltr' id='par_1_2' title="bbox 891 1199 1355 1288">
     <span class='ocr_line' id='line_1_2' title="bbox 891 1199 1355 1288; baseline 0.004 -22"><span class='ocrx_word' id='word_1_3' title='bbox 891 1201 940 1266; x_wconf 79' lang='lat'>56.</span> <span class='ocrx_word' id='word_1_4' title='bbox 965 1199 1108 1283; x_wconf 75' lang='lat' dir='ltr'>Orpheus</span> <span class='ocrx_word' id='word_1_5' title='bbox 1131 1206 1160 1268; x_wconf 86' lang='lat' dir='ltr'>et</span> <span class='ocrx_word' id='word_1_6' title='bbox 1181 1201 1355 1288; x_wconf 75' lang='lat' dir='ltr'>Eurydice.</span> 
     </span>
    </p>
   </div>
   <div class='ocr_carea' id='block_1_3' title="bbox 146 1339 1272 4313">
    <p class='ocr_par' dir='ltr' id='par_1_3' title="bbox 222 1339 1182 1742">
     <span class='ocr_line' id='line_1_3' title="bbox 309 1339 1093 1424; baseline 0.006 -18"><span class='ocrx_word' id='word_1_7' title='bbox 309 1341 388 1406; x_wconf 90' lang='lat' dir='ltr'>Inde</span> <span class='ocrx_word' id='word_1_8' title='bbox 410 1358 467 1424; x_wconf 92' lang='lat' dir='ltr'>per</span> <span class='ocrx_word' id='word_1_9' title='bbox 489 1339 670 1405; x_wconf 89' lang='lat' dir='ltr'>inmensum</span> <span class='ocrx_word' id='word_1_10' title='bbox 693 1360 800 1407; x_wconf 89' lang='lat' dir='ltr'>croceo</span> <span class='ocrx_word' id='word_1_11' title='bbox 823 1344 949 1408; x_wconf 89' lang='lat' dir='ltr'>velatus</span> <span class='ocrx_word' id='word_1_12' title='bbox 973 1347 1093 1411; x_wconf 91' lang='lat' dir='ltr'>amictu</span> 
     </span>
     <span class='ocr_line' id='line_1_4' title="bbox 224 1445 1182 1534; baseline 0.004 -20"><span class='ocrx_word' id='word_1_13' title='bbox 224 1449 355 1515; x_wconf 80' lang='lat' dir='ltr'>aethera</span> <span class='ocrx_word' id='word_1_14' title='bbox 378 1446 555 1530; x_wconf 83' lang='lat' dir='ltr'>digreditur</span> <span class='ocrx_word' id='word_1_15' title='bbox 578 1445 795 1531; x_wconf 81' lang='lat' dir='ltr'>Ciconumque</span> <span class='ocrx_word' id='word_1_16' title='bbox 817 1448 1024 1534; x_wconf 79' lang='lat' dir='ltr'>Hymenaeus</span> <span class='ocrx_word' id='word_1_17' title='bbox 1048 1452 1088 1517; x_wconf 93' lang='lat' dir='ltr'>ad</span> <span class='ocrx_word' id='word_1_18' title='bbox 1111 1471 1182 1518; x_wconf 91' lang='lat' dir='ltr'>oras</span> 
     </span>
     <span class='ocr_line' id='line_1_5' title="bbox 222 1551 1109 1637; baseline 0.003 -17"><span class='ocrx_word' id='word_1_19' title='bbox 222 1554 327 1620; x_wconf 91' lang='lat' dir='ltr'>tendit</span> <span class='ocrx_word' id='word_1_20' title='bbox 349 1555 382 1618; x_wconf 90' lang='lat' dir='ltr'>et</span> <span class='ocrx_word' id='word_1_21' title='bbox 405 1551 532 1637; x_wconf 90' lang='lat' dir='ltr'>Orphea</span> <span class='ocrx_word' id='word_1_22' title='bbox 553 1553 749 1636; x_wconf 80' lang='lat' dir='ltr'>nequiquam</span> <span class='ocrx_word' id='word_1_23' title='bbox 771 1574 845 1621; x_wconf 86' lang='lat' dir='ltr'>voce</span> <span class='ocrx_word' id='word_1_24' title='bbox 869 1560 961 1622; x_wconf 87' lang='lat' dir='ltr'>vocat</span> <span class='ocrx_word' id='word_1_25' title='bbox 1002 1606 1009 1622; x_wconf 91' lang='lat'><strong>.</strong></span> <span class='ocrx_word' id='word_1_26' title='bbox 1105 1630 1109 1637; x_wconf 52' lang='grc'>,</span> 
     </span>
     <span class='ocr_line' id='line_1_6' title="bbox 224 1659 1043 1742; baseline 0.004 -16"><span class='ocrx_word' id='word_1_27' title='bbox 224 1660 339 1726; x_wconf 77' lang='lat' dir='ltr'>Adfuit</span> <span class='ocrx_word' id='word_1_28' title='bbox 360 1660 414 1725; x_wconf 86' lang='lat' dir='ltr'>ifle</span> <span class='ocrx_word' id='word_1_29' title='bbox 439 1659 576 1742; x_wconf 88' lang='lat' dir='ltr'>quidem,</span> <span class='ocrx_word' id='word_1_30' title='bbox 599 1660 655 1725; x_wconf 92' lang='lat' dir='ltr'>sed</span> <span class='ocrx_word' id='word_1_31' title='bbox 676 1679 736 1727; x_wconf 88' lang='lat' dir='ltr'>nec</span> <span class='ocrx_word' id='word_1_32' title='bbox 759 1663 924 1728; x_wconf 81' lang='lat' dir='ltr'>sollemnia</span> <span class='ocrx_word' id='word_1_33' title='bbox 946 1665 1043 1729; x_wconf 87' lang='lat' dir='ltr'>verba</span> 
     </span>
    </p>

    <p class='ocr_par' dir='ltr' id='par_1_4' title="bbox 168 1766 1157 2278">
     <span class='ocr_line' id='line_1_7' title="bbox 168 1766 973 1835; baseline 0.001 -2"><span class='ocrx_word' id='word_1_34' title='bbox 168 1777 185 1833; x_wconf 88' lang='lat'>5</span> <span class='ocrx_word' id='word_1_35' title='bbox 221 1787 281 1834; x_wconf 90' lang='lat' dir='ltr'>nec</span> <span class='ocrx_word' id='word_1_36' title='bbox 302 1768 403 1832; x_wconf 89' lang='lat' dir='ltr'>laetos</span> <span class='ocrx_word' id='word_1_37' title='bbox 426 1767 535 1832; x_wconf 83' lang='lat' dir='ltr'>vultus</span> <span class='ocrx_word' id='word_1_38' title='bbox 558 1784 617 1832; x_wconf 93' lang='lat' dir='ltr'>nec</span> <span class='ocrx_word' id='word_1_39' title='bbox 639 1766 714 1832; x_wconf 87' lang='lat' dir='ltr'>felix</span> <span class='ocrx_word' id='word_1_40' title='bbox 737 1769 850 1833; x_wconf 90' lang='lat' dir='ltr'>attulit</span> <span class='ocrx_word' id='word_1_41' title='bbox 871 1788 973 1835; x_wconf 87' lang='lat' dir='ltr'>omen.</span> 
     </span>
     <span class='ocr_line' id='line_1_8' title="bbox 221 1874 1157 1957; baseline 0.002 -17"><span class='ocrx_word' id='word_1_42' title='bbox 221 1876 288 1940; x_wconf 77' lang='lat' dir='ltr'>Fax</span> <span class='ocrx_word' id='word_1_43' title='bbox 311 1893 445 1957; x_wconf 89' lang='lat' dir='ltr'>quoque,</span> <span class='ocrx_word' id='word_1_44' title='bbox 470 1892 566 1956; x_wconf 90' lang='lat' dir='ltr'>quam</span> <span class='ocrx_word' id='word_1_45' title='bbox 588 1874 701 1952; x_wconf 87' lang='lat' dir='ltr'>tenuit,</span> <span class='ocrx_word' id='word_1_46' title='bbox 723 1874 890 1941; x_wconf 91' lang='lat' dir='ltr'>lacrimoso</span> <span class='ocrx_word' id='word_1_47' title='bbox 913 1876 1049 1941; x_wconf 90' lang='lat' dir='ltr'>stridula</span> <span class='ocrx_word' id='word_1_48' title='bbox 1070 1875 1157 1942; x_wconf 79' lang='lat' dir='ltr'>fumo</span> 
     </span>
     <span class='ocr_line' id='line_1_9' title="bbox 223 1981 1030 2066; baseline 0 -18"><span class='ocrx_word' id='word_1_49' title='bbox 223 2001 326 2064; x_wconf 89' lang='lat' dir='ltr'>usque</span> <span class='ocrx_word' id='word_1_50' title='bbox 349 1981 411 2046; x_wconf 83' lang='lat' dir='ltr'>fuit</span> <span class='ocrx_word' id='word_1_51' title='bbox 432 1981 601 2063; x_wconf 90' lang='lat' dir='ltr'>nullosque</span> <span class='ocrx_word' id='word_1_52' title='bbox 625 1981 747 2047; x_wconf 82' lang='lat' dir='ltr'>invenit</span> <span class='ocrx_word' id='word_1_53' title='bbox 768 1982 909 2047; x_wconf 87' lang='lat' dir='ltr'>motibus</span> <span class='ocrx_word' id='word_1_54' title='bbox 931 1983 1030 2066; x_wconf 83' lang='lat' dir='ltr'>ignes.</span> 
     </span>
     <span class='ocr_line' id='line_1_10' title="bbox 222 2087 1106 2173; baseline 0.001 -19"><span class='ocrx_word' id='word_1_55' title='bbox 222 2090 335 2155; x_wconf 83' lang='lat' dir='ltr'>Exitus</span> <span class='ocrx_word' id='word_1_56' title='bbox 359 2088 500 2172; x_wconf 90' lang='lat' dir='ltr'>auspicio</span> <span class='ocrx_word' id='word_1_57' title='bbox 523 2087 666 2169; x_wconf 84' lang='lat' dir='ltr'>gravior:</span> <span class='ocrx_word' id='word_1_58' title='bbox 689 2106 766 2153; x_wconf 92' lang='lat' dir='ltr'>nam</span> <span class='ocrx_word' id='word_1_59' title='bbox 788 2091 890 2172; x_wconf 92' lang='lat' dir='ltr'>nupta</span> <span class='ocrx_word' id='word_1_60' title='bbox 911 2109 968 2173; x_wconf 89' lang='lat' dir='ltr'>per</span> <span class='ocrx_word' id='word_1_61' title='bbox 989 2090 1106 2155; x_wconf 91' lang='lat' dir='ltr'>herbas</span> 
     </span>
     <span class='ocr_line' id='line_1_11' title="bbox 222 2194 1036 2278; baseline 0 -17"><span class='ocrx_word' id='word_1_62' title='bbox 222 2196 299 2261; x_wconf 91' lang='lat' dir='ltr'>dum</span> <span class='ocrx_word' id='word_1_63' title='bbox 321 2213 403 2260; x_wconf 83' lang='lat' dir='ltr'>nora</span> <span class='ocrx_word' id='word_1_64' title='bbox 424 2194 576 2259; x_wconf 90' lang='lat' dir='ltr'>naiadum</span> <span class='ocrx_word' id='word_1_65' title='bbox 598 2195 694 2258; x_wconf 90' lang='lat' dir='ltr'>turba</span> <span class='ocrx_word' id='word_1_66' title='bbox 717 2195 870 2260; x_wconf 88' lang='lat' dir='ltr'>comitata</span> <span class='ocrx_word' id='word_1_67' title='bbox 892 2199 1036 2278; x_wconf 84' lang='lat' dir='ltr'>vagatur,</span> 
     </span>
    </p>

    <p class='ocr_par' dir='ltr' id='par_1_5' title="bbox 152 2300 974 2385">
     <span class='ocr_line' id='line_1_12' title="bbox 152 2300 974 2385; baseline 0 -19"><span class='ocrx_word' id='word_1_68' title='bbox 152 2312 186 2368; x_wconf 89' lang='lat'>10</span> <span class='ocrx_word' id='word_1_69' title='bbox 223 2302 336 2370; x_wconf 89' lang='lat' dir='ltr'>occidit</span> <span class='ocrx_word' id='word_1_70' title='bbox 358 2302 392 2365; x_wconf 88' lang='lat' dir='ltr'>in</span> <span class='ocrx_word' id='word_1_71' title='bbox 414 2302 518 2365; x_wconf 91' lang='lat' dir='ltr'>talum</span> <span class='ocrx_word' id='word_1_72' title='bbox 541 2300 697 2383; x_wconf 91' lang='lat' dir='ltr'>serpentis</span> <span class='ocrx_word' id='word_1_73' title='bbox 722 2300 815 2365; x_wconf 89' lang='lat' dir='ltr'>dente</span> <span class='ocrx_word' id='word_1_74' title='bbox 838 2304 974 2385; x_wconf 91' lang='lat' dir='ltr'>recept.</span> 
     </span>
    </p>

    <p class='ocr_par' dir='ltr' id='par_1_6' title="bbox 219 2404 1272 2812">
     <span class='ocr_line' id='line_1_13' title="bbox 311 2404 1272 2492; baseline 0.004 -21"><span class='ocrx_word' id='word_1_75' title='bbox 311 2406 416 2487; x_wconf 79' lang='lat' dir='ltr'>Quam</span> <span class='ocrx_word' id='word_1_76' title='bbox 439 2406 517 2469; x_wconf 89' lang='lat' dir='ltr'>satis</span> <span class='ocrx_word' id='word_1_77' title='bbox 541 2404 581 2468; x_wconf 91' lang='lat' dir='ltr'>ad</span> <span class='ocrx_word' id='word_1_78' title='bbox 605 2422 735 2487; x_wconf 88' lang='lat' dir='ltr'>superas</span> <span class='ocrx_word' id='word_1_79' title='bbox 757 2408 928 2489; x_wconf 80' lang='lat' dir='ltr'>postquam</span> <span class='ocrx_word' id='word_1_80' title='bbox 951 2408 1153 2492; x_wconf 85' lang='lat' dir='ltr'>Rhodopeius</span> <span class='ocrx_word' id='word_1_81' title='bbox 1177 2429 1272 2476; x_wconf 89' lang='lat' dir='ltr'>auras</span> 
     </span>
     <span class='ocr_line' id='line_1_14' title="bbox 221 2512 1036 2594; baseline -0.001 -14"><span class='ocrx_word' id='word_1_82' title='bbox 221 2514 350 2580; x_wconf 85' lang='lat' dir='ltr'>deflevit</span> <span class='ocrx_word' id='word_1_83' title='bbox 371 2513 474 2588; x_wconf 88' lang='lat' dir='ltr'>vates,</span> <span class='ocrx_word' id='word_1_84' title='bbox 496 2528 536 2574; x_wconf 89' lang='lat' dir='ltr'>ne</span> <span class='ocrx_word' id='word_1_85' title='bbox 559 2528 623 2574; x_wconf 91' lang='lat' dir='ltr'>non</span> <span class='ocrx_word' id='word_1_86' title='bbox 646 2512 819 2594; x_wconf 87' lang='lat' dir='ltr'>temptaret</span> <span class='ocrx_word' id='word_1_87' title='bbox 842 2515 875 2578; x_wconf 90' lang='lat' dir='ltr'>et</span> <span class='ocrx_word' id='word_1_88' title='bbox 896 2515 1036 2594; x_wconf 90' lang='lat' dir='ltr'>umbras,</span> 
     </span>
     <span class='ocr_line' id='line_1_15' title="bbox 221 2617 1102 2705; baseline -0.002 -18"><span class='ocrx_word' id='word_1_89' title='bbox 221 2621 261 2687; x_wconf 92' lang='lat' dir='ltr'>ad</span> <span class='ocrx_word' id='word_1_90' title='bbox 285 2619 385 2702; x_wconf 82' lang='lat' dir='ltr'>Styga</span> <span class='ocrx_word' id='word_1_91' title='bbox 410 2617 564 2683; x_wconf 86' lang='lat' dir='ltr'>Taenaria</span> <span class='ocrx_word' id='word_1_92' title='bbox 587 2619 637 2682; x_wconf 91' lang='lat' dir='ltr'>est</span> <span class='ocrx_word' id='word_1_93' title='bbox 660 2636 758 2682; x_wconf 87' lang='lat' dir='ltr'>ausus</span> <span class='ocrx_word' id='word_1_94' title='bbox 782 2619 970 2687; x_wconf 79' lang='lat' dir='ltr'>descendere</span> <span class='ocrx_word' id='word_1_95' title='bbox 992 2623 1102 2705; x_wconf 89' lang='lat' dir='ltr'>porta;</span> 
     </span>
     <span class='ocr_line' id='line_1_16' title="bbox 219 2725 1162 2812; baseline 0.002 -20"><span class='ocrx_word' id='word_1_96' title='bbox 219 2744 339 2812; x_wconf 88' lang='lat' dir='ltr'>perque</span> <span class='ocrx_word' id='word_1_97' title='bbox 363 2726 449 2791; x_wconf 82' lang='lat' dir='ltr'>leves</span> <span class='ocrx_word' id='word_1_98' title='bbox 471 2725 605 2808; x_wconf 89' lang='lat' dir='ltr'>populos</span> <span class='ocrx_word' id='word_1_99' title='bbox 628 2725 863 2808; x_wconf 87' lang='lat' dir='ltr'>simulacraque</span> <span class='ocrx_word' id='word_1_100' title='bbox 886 2726 995 2793; x_wconf 86' lang='lat' dir='ltr'>functa</span> <span class='ocrx_word' id='word_1_101' title='bbox 1018 2730 1162 2812; x_wconf 88' lang='lat' dir='ltr'>sepulcro</span> 
     </span>
    </p>

    <p class='ocr_par' dir='ltr' id='par_1_7' title="bbox 150 2832 1170 3341">
     <span class='ocr_line' id='line_1_17' title="bbox 150 2832 1106 2917; baseline 0 -16"><span class='ocrx_word' id='word_1_102' title='bbox 150 2843 184 2901; x_wconf 84' lang='lat'>15</span> <span class='ocrx_word' id='word_1_103' title='bbox 219 2833 443 2917; x_wconf 87' lang='lat' dir='ltr'>Persephonen</span> <span class='ocrx_word' id='word_1_104' title='bbox 466 2832 545 2896; x_wconf 89' lang='lat' dir='ltr'>adiit</span> <span class='ocrx_word' id='word_1_105' title='bbox 568 2833 799 2915; x_wconf 89' lang='lat' dir='ltr'>inamoenaque</span> <span class='ocrx_word' id='word_1_106' title='bbox 821 2852 920 2915; x_wconf 84' lang='lat' dir='ltr'>regna</span> <span class='ocrx_word' id='word_1_107' title='bbox 943 2837 1106 2901; x_wconf 88' lang='lat' dir='ltr'>tenentem</span> 
     </span>
     <span class='ocr_line' id='line_1_18' title="bbox 219 2938 1170 3022; baseline 0.002 -16"><span class='ocrx_word' id='word_1_108' title='bbox 219 2942 407 3006; x_wconf 89' lang='lat' dir='ltr'>umbramm</span> <span class='ocrx_word' id='word_1_109' title='bbox 429 2938 601 3004; x_wconf 90' lang='lat' dir='ltr'>dominum.</span> <span class='ocrx_word' id='word_1_110' title='bbox 645 2939 816 3022; x_wconf 90' lang='lat' dir='ltr'>Pulsisque</span> <span class='ocrx_word' id='word_1_111' title='bbox 839 2940 880 3005; x_wconf 91' lang='lat' dir='ltr'>ad</span> <span class='ocrx_word' id='word_1_112' title='bbox 902 2941 1043 3007; x_wconf 87' lang='lat' dir='ltr'>carmina</span> <span class='ocrx_word' id='word_1_113' title='bbox 1064 2942 1170 3008; x_wconf 86' lang='lat' dir='ltr'>nervis</span> 
     </span>
     <span class='ocr_line' id='line_1_19' title="bbox 220 3034 1018 3129; baseline 0.001 -17"><span class='ocrx_word' id='word_1_114' title='bbox 220 3048 265 3113; x_wconf 88' lang='lat' dir='ltr'>sio</span> <span class='ocrx_word' id='word_1_115' title='bbox 288 3048 349 3112; x_wconf 88' lang='lat' dir='ltr'>ait:</span> <span class='ocrx_word' id='word_1_116' title='bbox 370 3034 411 3113; x_wconf 85' lang='lat'>‘0</span> <span class='ocrx_word' id='word_1_117' title='bbox 434 3046 530 3129; x_wconf 92' lang='lat' dir='ltr'>positi</span> <span class='ocrx_word' id='word_1_118' title='bbox 553 3047 612 3111; x_wconf 93' lang='lat' dir='ltr'>sub</span> <span class='ocrx_word' id='word_1_119' title='bbox 635 3047 721 3111; x_wconf 88' lang='lat' dir='ltr'>terra</span> <span class='ocrx_word' id='word_1_120' title='bbox 743 3047 875 3111; x_wconf 89' lang='lat' dir='ltr'>numina</span> <span class='ocrx_word' id='word_1_121' title='bbox 897 3049 1018 3128; x_wconf 90' lang='lat' dir='ltr'>mundi,</span> 
     </span>
     <span class='ocr_line' id='line_1_20' title="bbox 217 3152 1100 3235; baseline 0.002 -17"><span class='ocrx_word' id='word_1_122' title='bbox 217 3155 251 3218; x_wconf 92' lang='lat' dir='ltr'>in</span> <span class='ocrx_word' id='word_1_123' title='bbox 275 3171 370 3234; x_wconf 92' lang='lat' dir='ltr'>quem</span> <span class='ocrx_word' id='word_1_124' title='bbox 392 3152 589 3229; x_wconf 88' lang='lat' dir='ltr'>reccidimus,</span> <span class='ocrx_word' id='word_1_125' title='bbox 613 3152 767 3234; x_wconf 89' lang='lat' dir='ltr'>quidquid</span> <span class='ocrx_word' id='word_1_126' title='bbox 788 3155 924 3219; x_wconf 87' lang='lat' dir='ltr'>mortale</span> <span class='ocrx_word' id='word_1_127' title='bbox 948 3173 1100 3235; x_wconf 81' lang='lat' dir='ltr'>creamur,</span> 
     </span>
     <span class='ocr_line' id='line_1_21' title="bbox 219 3257 927 3341; baseline 0.001 -17"><span class='ocrx_word' id='word_1_128' title='bbox 219 3259 246 3325; x_wconf 92' lang='lat' dir='ltr'>si</span> <span class='ocrx_word' id='word_1_129' title='bbox 267 3260 344 3324; x_wconf 88' lang='lat' dir='ltr'>licet</span> <span class='ocrx_word' id='word_1_130' title='bbox 366 3260 400 3323; x_wconf 90' lang='lat' dir='ltr'>et</span> <span class='ocrx_word' id='word_1_131' title='bbox 422 3257 495 3322; x_wconf 88' lang='lat' dir='ltr'>falsi</span> <span class='ocrx_word' id='word_1_132' title='bbox 517 3258 630 3341; x_wconf 91' lang='lat' dir='ltr'>positis</span> <span class='ocrx_word' id='word_1_133' title='bbox 654 3258 841 3341; x_wconf 83' lang='lat' dir='ltr'>ambagibus</span> <span class='ocrx_word' id='word_1_134' title='bbox 865 3261 927 3325; x_wconf 89' lang='lat' dir='ltr'>onis</span> 
     </span>
    </p>

    <p class='ocr_par' dir='ltr' id='par_1_8' title="bbox 147 3365 1149 3878">
     <span class='ocr_line' id='line_1_22' title="bbox 147 3365 1063 3450; baseline 0 -18"><span class='ocrx_word' id='word_1_135' title='bbox 147 3376 183 3432; x_wconf 80' lang='lat'>20</span> <span class='ocrx_word' id='word_1_136' title='bbox 217 3385 293 3432; x_wconf 89' lang='lat' dir='ltr'>vera</span> <span class='ocrx_word' id='word_1_137' title='bbox 314 3365 403 3447; x_wconf 90' lang='lat' dir='ltr'>loqui</span> <span class='ocrx_word' id='word_1_138' title='bbox 426 3365 539 3443; x_wconf 90' lang='lat' dir='ltr'>sinitis,</span> <span class='ocrx_word' id='word_1_139' title='bbox 561 3383 625 3429; x_wconf 91' lang='lat' dir='ltr'>non</span> <span class='ocrx_word' id='word_1_140' title='bbox 646 3365 719 3444; x_wconf 90' lang='lat' dir='ltr'>huc,</span> <span class='ocrx_word' id='word_1_141' title='bbox 741 3368 780 3431; x_wconf 90' lang='lat' dir='ltr'>ut</span> <span class='ocrx_word' id='word_1_142' title='bbox 802 3385 900 3450; x_wconf 86' lang='lat' dir='ltr'>opaca</span> <span class='ocrx_word' id='word_1_143' title='bbox 921 3367 1063 3433; x_wconf 85' lang='lat' dir='ltr'>viderem</span> 
     </span>
     <span class='ocr_line' id='line_1_23' title="bbox 217 3472 986 3551; baseline 0.001 -13"><span class='ocrx_word' id='word_1_144' title='bbox 217 3474 360 3551; x_wconf 80' lang='lat' dir='ltr'>Tartara,</span> <span class='ocrx_word' id='word_1_145' title='bbox 383 3472 539 3551; x_wconf 86' lang='lat' dir='ltr'>descendi,</span> <span class='ocrx_word' id='word_1_146' title='bbox 560 3491 621 3536; x_wconf 89' lang='lat' dir='ltr'>nac</span> <span class='ocrx_word' id='word_1_147' title='bbox 643 3473 692 3536; x_wconf 92' lang='lat' dir='ltr'>uti</span> <span class='ocrx_word' id='word_1_148' title='bbox 714 3473 827 3538; x_wconf 87' lang='lat' dir='ltr'>villosa</span> <span class='ocrx_word' id='word_1_149' title='bbox 851 3474 986 3540; x_wconf 88' lang='lat' dir='ltr'>colubris</span> 
     </span>
     <span class='ocr_line' id='line_1_24' title="bbox 217 3579 1000 3662; baseline -0.001 -16"><span class='ocrx_word' id='word_1_150' title='bbox 217 3582 310 3646; x_wconf 90' lang='lat' dir='ltr'>terna</span> <span class='ocrx_word' id='word_1_151' title='bbox 331 3579 495 3645; x_wconf 87' lang='lat' dir='ltr'>Medusaei</span> <span class='ocrx_word' id='word_1_152' title='bbox 517 3579 670 3644; x_wconf 82' lang='lat' dir='ltr'>vincirem</span> <span class='ocrx_word' id='word_1_153' title='bbox 694 3581 828 3662; x_wconf 85' lang='lat' dir='ltr'>guttura</span> <span class='ocrx_word' id='word_1_154' title='bbox 849 3581 1000 3645; x_wconf 88' lang='lat' dir='ltr'>monstri:</span> 
     </span>
     <span class='ocr_line' id='line_1_25' title="bbox 219 3685 1149 3769; baseline -0.001 -16"><span class='ocrx_word' id='word_1_155' title='bbox 219 3706 315 3753; x_wconf 89' lang='lat' dir='ltr'>causa</span> <span class='ocrx_word' id='word_1_156' title='bbox 337 3687 407 3753; x_wconf 82' lang='lat' dir='ltr'>viae</span> <span class='ocrx_word' id='word_1_157' title='bbox 430 3687 480 3751; x_wconf 91' lang='lat' dir='ltr'>est</span> <span class='ocrx_word' id='word_1_158' title='bbox 502 3685 646 3764; x_wconf 84' lang='lat' dir='ltr'>coniunx,</span> <span class='ocrx_word' id='word_1_159' title='bbox 668 3685 702 3750; x_wconf 93' lang='lat' dir='ltr'>in</span> <span class='ocrx_word' id='word_1_160' title='bbox 726 3705 824 3769; x_wconf 92' lang='lat' dir='ltr'>quam</span> <span class='ocrx_word' id='word_1_161' title='bbox 847 3688 970 3752; x_wconf 87' lang='lat' dir='ltr'>calcata</span> <span class='ocrx_word' id='word_1_162' title='bbox 991 3705 1149 3752; x_wconf 85' lang='lat' dir='ltr'>venenum</span> 
     </span>
     <span class='ocr_line' id='line_1_26' title="bbox 218 3792 1029 3878; baseline -0.001 -19"><span class='ocrx_word' id='word_1_163' title='bbox 218 3795 326 3878; x_wconf 87' lang='lat' dir='ltr'>vipera</span> <span class='ocrx_word' id='word_1_164' title='bbox 349 3792 474 3857; x_wconf 87' lang='lat' dir='ltr'>diffudit</span> <span class='ocrx_word' id='word_1_165' title='bbox 497 3799 739 3875; x_wconf 76' lang='lat' dir='ltr'>crescentesque</span> <span class='ocrx_word' id='word_1_166' title='bbox 763 3794 897 3858; x_wconf 88' lang='lat' dir='ltr'>abstuht</span> <span class='ocrx_word' id='word_1_167' title='bbox 921 3812 1029 3859; x_wconf 91' lang='lat' dir='ltr'>annos.</span> 
     </span>
    </p>

    <p class='ocr_par' dir='ltr' id='par_1_9' title="bbox 146 3899 1248 4313">
     <span class='ocr_line' id='line_1_27' title="bbox 146 3899 1031 3985; baseline 0 -21"><span class='ocrx_word' id='word_1_168' title='bbox 146 3909 181 3964; x_wconf 80' lang='lat'>25</span> <span class='ocrx_word' id='word_1_169' title='bbox 217 3900 315 3965; x_wconf 90' lang='lat' dir='ltr'>Posse</span> <span class='ocrx_word' id='word_1_170' title='bbox 337 3899 405 3985; x_wconf 89' lang='lat' dir='ltr'>pati</span> <span class='ocrx_word' id='word_1_171' title='bbox 428 3900 514 3965; x_wconf 84' lang='lat' dir='ltr'>volui</span> <span class='ocrx_word' id='word_1_172' title='bbox 536 3917 595 3964; x_wconf 90' lang='lat' dir='ltr'>nec</span> <span class='ocrx_word' id='word_1_173' title='bbox 616 3918 669 3965; x_wconf 92' lang='lat' dir='ltr'>me</span> <span class='ocrx_word' id='word_1_174' title='bbox 692 3901 866 3984; x_wconf 90' lang='lat' dir='ltr'>temptasse</span> <span class='ocrx_word' id='word_1_175' title='bbox 889 3901 1031 3982; x_wconf 83' lang='lat' dir='ltr'>negabo:</span> 
     </span>
     <span class='ocr_line' id='line_1_28' title="bbox 216 4006 1202 4090; baseline -0.001 -18"><span class='ocrx_word' id='word_1_176' title='bbox 216 4007 294 4072; x_wconf 85' lang='lat' dir='ltr'>vicit</span> <span class='ocrx_word' id='word_1_177' title='bbox 316 4009 423 4073; x_wconf 86' lang='lat' dir='ltr'>Amor.</span> <span class='ocrx_word' id='word_1_178' title='bbox 470 4006 592 4090; x_wconf 84' lang='lat' dir='ltr'>Supera</span> <span class='ocrx_word' id='word_1_179' title='bbox 616 4008 694 4073; x_wconf 88' lang='lat' dir='ltr'>deus</span> <span class='ocrx_word' id='word_1_180' title='bbox 716 4008 769 4072; x_wconf 88' lang='lat' dir='ltr'>hic</span> <span class='ocrx_word' id='word_1_181' title='bbox 790 4007 870 4073; x_wconf 87' lang='lat' dir='ltr'>hene</span> <span class='ocrx_word' id='word_1_182' title='bbox 892 4010 988 4072; x_wconf 89' lang='lat' dir='ltr'>notus</span> <span class='ocrx_word' id='word_1_183' title='bbox 1011 4008 1044 4071; x_wconf 94' lang='lat' dir='ltr'>in</span> <span class='ocrx_word' id='word_1_184' title='bbox 1068 4025 1122 4072; x_wconf 91' lang='lat' dir='ltr'>ora</span> <span class='ocrx_word' id='word_1_185' title='bbox 1145 4008 1202 4084; x_wconf 87' lang='lat' dir='ltr'>est,</span> 
     </span>
     <span class='ocr_line' id='line_1_29' title="bbox 220 4114 1248 4198; baseline -0.002 -19"><span class='ocrx_word' id='word_1_186' title='bbox 220 4133 262 4179; x_wconf 92' lang='lat' dir='ltr'>an</span> <span class='ocrx_word' id='word_1_187' title='bbox 284 4115 327 4179; x_wconf 89' lang='lat' dir='ltr'>sit</span> <span class='ocrx_word' id='word_1_188' title='bbox 350 4116 383 4180; x_wconf 90' lang='lat' dir='ltr'>et</span> <span class='ocrx_word' id='word_1_189' title='bbox 404 4115 464 4193; x_wconf 88' lang='lat' dir='ltr'>hic,</span> <span class='ocrx_word' id='word_1_190' title='bbox 488 4114 606 4180; x_wconf 91' lang='lat' dir='ltr'>dubito.</span> <span class='ocrx_word' id='word_1_191' title='bbox 653 4114 717 4180; x_wconf 87' lang='lat' dir='ltr'>Sed</span> <span class='ocrx_word' id='word_1_192' title='bbox 740 4117 772 4180; x_wconf 91' lang='lat' dir='ltr'>et</span> <span class='ocrx_word' id='word_1_193' title='bbox 794 4115 846 4181; x_wconf 93' lang='lat' dir='ltr'>hic</span> <span class='ocrx_word' id='word_1_194' title='bbox 869 4117 978 4181; x_wconf 91' lang='lat' dir='ltr'>tamen</span> <span class='ocrx_word' id='word_1_195' title='bbox 1001 4133 1139 4198; x_wconf 83' lang='lat' dir='ltr'>auguror</span> <span class='ocrx_word' id='word_1_196' title='bbox 1162 4130 1248 4188; x_wconf 86' lang='lat' dir='ltr'>esse;</span> 
     </span>
     <span class='ocr_line' id='line_1_30' title="bbox 205 4221 1032 4313; baseline 0.002 -29"><span class='ocrx_word' id='word_1_197' title='bbox 205 4222 363 4313; x_wconf 82' lang='lat' dir='ltr'>famaque</span> <span class='ocrx_word' id='word_1_198' title='bbox 385 4222 413 4286; x_wconf 89' lang='lat' dir='ltr'>si</span> <span class='ocrx_word' id='word_1_199' title='bbox 438 4221 555 4287; x_wconf 81' lang='lat' dir='ltr'>veteris</span> <span class='ocrx_word' id='word_1_200' title='bbox 577 4240 641 4286; x_wconf 91' lang='lat' dir='ltr'>non</span> <span class='ocrx_word' id='word_1_201' title='bbox 665 4223 714 4287; x_wconf 89' lang='lat' dir='ltr'>est</span> <span class='ocrx_word' id='word_1_202' title='bbox 735 4223 871 4287; x_wconf 91' lang='lat' dir='ltr'>mentita</span> <span class='ocrx_word' id='word_1_203' title='bbox 893 4223 1032 4307; x_wconf 89' lang='lat' dir='ltr'>rapinae,</span> 
     </span>
    </p>
   </div>
   <div class='ocr_carea' id='block_1_4' title="bbox 0 0 1434 4710">
    <p class='ocr_par' dir='ltr' id='par_1_10' title="bbox 0 0 1434 4710">
     <span class='ocr_line' id='line_1_31' title="bbox 0 0 1434 4710; baseline 0 0"><span class='ocrx_word' id='word_1_204' title='bbox 0 0 1434 4710; x_wconf 95' lang='lat' dir='ltr'> </span> 
     </span>
    </p>
   </div>
  </div>
 </body>
</html>
