2858 4710
127 266 196 323 -118
686 249 786 310 'Nioba
885 284 887 288 ·

222 416 344 481 lumina
367 417 544 492 versarunt,
568 414 709 478 animam
732 415 828 479 simul
853 416 1048 480 exhalarunt.

222 521 367 605 Adspicit
389 521 551 604 Alphenor
564 509 757 602 'laniataque
779 520 909 604 pectora
931 522 1085 605 plangens

221 629 355 706 advolat,
378 629 416 691 ut
439 626 558 709 gelidos
583 627 796 709 complexibus
820 628 946 693 adlevet
969 630 1069 706 artus,

60 785 62 789 ,
133 742 186 797 250
222 735 319 816 inque
341 734 393 817 pio
416 733 502 797 cadit
525 731 642 797 officio:
666 751 742 796 nam
764 733 876 798 Delius
899 734 946 798 illi

219 841 334 904 intimo
356 838 482 904 fatifero
505 839 592 922 rupit
614 840 798 922 praecordia
820 839 912 904 ferro.

223 945 315 1026 Quod
339 946 436 1010 simul
459 945 612 1010 eductum
635 947 693 1022 est,
716 963 790 1028 pars
815 947 864 1010 est
886 947 1046 1028 pulmonis
1069 947 1103 1009 in
1125 947 1235 1012 hamis

224 1054 323 1130 eruta,
347 1069 483 1133 cumque
508 1051 614 1115 anima
637 1070 729 1116 cruor
753 1056 803 1117 est
826 1051 944 1117 effusus
967 1053 1001 1116 in
1024 1070 1128 1117 auras.

222 1160 265 1222 At
288 1177 351 1223 non
374 1158 539 1221 intonsum
563 1157 696 1241 simplex
718 1158 991 1223 Damasichthona
1014 1160 1131 1223 vulnus

129 1271 183 1328 255
224 1263 338 1338 adficit.
383 1264 472 1329 Ictus
497 1265 574 1341 erat,
598 1282 662 1346 qua
685 1282 758 1329 orus
783 1283 852 1329 esse
875 1265 986 1348 incipit
1010 1266 1042 1329 et
1066 1283 1130 1346 qua

223 1370 331 1435 mollia
352 1367 505 1435 nervosus
528 1369 605 1434 facit
626 1370 805 1435 internodia
827 1372 945 1454 poples

222 1477 373 1557 Dumque
396 1494 495 1540 manu
517 1477 656 1558 temptat
678 1476 804 1540 trahere
829 1477 989 1542 exitiabile
1013 1478 1123 1555 telum,

220 1584 320 1647 altera
341 1601 398 1665 per
420 1582 567 1664 iugulum
588 1582 702 1664 pennis
726 1585 820 1646 tenus
845 1585 916 1647 acta
940 1584 1060 1665 sagitta
1084 1585 1142 1648 est.

219 1689 349 1772 Expulit
371 1688 454 1752 hanc
478 1688 617 1769 sanguis,
643 1706 741 1770 seque
765 1689 942 1753 eiaculatus
965 1690 998 1752 in
1022 1691 1125 1754 altum

131 1805 184 1860 260
222 1795 338 1860 emicat
362 1796 395 1858 et
417 1794 509 1875 longe
533 1794 694 1858 terebrata
717 1794 842 1877 prosilit
864 1813 950 1859 aura.

221 1901 365 1967 Ultimus
388 1899 528 1964 llioneus
551 1918 614 1964 non
637 1899 818 1983 profectura
842 1901 999 1983 precando
1064 1940 1067 1947 -

221 2006 369 2072 bracchia
392 2007 577 2084 sustulerat,
598 1993 657 2070 ‘di'
685 2025 746 2088 que
767 1995 799 2070 ‘o
823 2007 1033 2072 communiter
1056 1995 1196 2085 omnes,

224 2114 353 2191 dixerat,
376 2113 506 2195 ignarus
529 2132 594 2177 non
618 2131 727 2177 omnes
752 2131 820 2177 esse
843 2113 1009 2195 rogandos,

219 2207 378 2303 ‘parcite'.
424 2219 532 2284 Motus
557 2220 635 2296 erat,
659 2238 733 2283 cum
754 2219 820 2282 iam
842 2220 1016 2284 revocabile
1039 2220 1142 2283 telum

134 2333 186 2388 265
223 2325 380 2402 nonfuit,
404 2325 590 2389 arcitenens.
635 2325 767 2388 Minimo
790 2328 899 2389 tamen
923 2325 1036 2390 occidit
1058 2327 1111 2390 ille

221 2432 361 2508 vulnere,
383 2450 447 2495 11011
471 2432 535 2495 1111
556 2449 707 2514 percusso
731 2432 822 2496 corde
847 2432 973 2513 sagitta.
1040 2458 1045 2468 ·

312 2537 413 2601 Fama
435 2538 511 2601 mali
534 2537 704 2621 populique
729 2537 816 2601 dolor
838 2539 1051 2620 lacrimaeque
1076 2556 1209 2603 suorum

223 2646 291 2708 tam
316 2644 439 2709 subitae
462 2646 600 2708 matrem
624 2647 745 2708 certam
768 2642 869 2708 fecere
892 2645 1011 2721 ruinae,

225 2750 397 2814 mirantem
420 2749 571 2832 potuisse,
594 2749 856 2830 irascentemque,
880 2749 963 2830 quod
987 2751 1056 2814 ausi

134 2865 188 2920 210
225 2857 285 2920 hoc
309 2858 416 2920 essent
439 2856 554 2939 superi,
578 2855 662 2937 quod
685 2856 813 2919 tautum
835 2856 914 2919 iuris
937 2856 1100 2920 haberent.

225 2963 310 3027 Nam
332 2966 424 3046 pater
446 2962 606 3045 Amphion
628 2961 711 3026 ferro
734 2980 790 3044 per
812 2965 925 3045 pectus
950 2962 1062 3027 adacto

222 3070 348 3134 linierat
369 3069 508 3133 moriens
531 3069 650 3150 pariter
673 3087 747 3132 cum
769 3069 840 3132 luce
864 3068 1012 3133 dolorem.

223 3176 297 3240 Heu
321 3177 477 3255 quantum
499 3174 578 3238 haec
601 3174 701 3237 Niobe
724 3173 824 3239 Niobe
848 3173 989 3238 distabat
1012 3175 1052 3239 ab
1075 3175 1139 3253 illa,

226 3298 307 3362 quae
329 3280 422 3344 modo
444 3279 553 3343 Latois
576 3280 730 3362 populum
753 3280 956 3344 submoverat
980 3281 1042 3344 aris

136 3395 189 3450 215
227 3389 259 3451 11
282 3385 421 3449 mediam
444 3386 563 3450 tulerat
586 3404 714 3467 gressus
737 3386 887 3468 resupina
909 3405 966 3469 per
988 3387 1108 3464 urbem,

223 3492 378 3557 invidiosa
402 3492 477 3570 suis,
502 3493 535 3555 at
556 3511 642 3556 nuno
664 3492 845 3556 miseranda
867 3494 918 3557 vel
940 3493 1034 3557 hosti.

228 3599 418 3681 Corporibus
442 3598 553 3680 gelidis
576 3599 732 3663 incumbit
755 3600 788 3663 et
811 3599 918 3663 ordine
941 3599 1028 3662 nullo

225 3707 331 3770 oscula
355 3705 520 3786 dispensat
541 3706 633 3768 natos
658 3723 806 3787 suprema
828 3723 885 3786 per
908 3723 1025 3768 omnes.

225 3815 253 3876 A
277 3812 392 3893 quibus
417 3810 457 3875 ad
480 3811 603 3874 caelum
626 3810 757 3875 liventia
779 3810 927 3874 bracchia
949 3810 1064 3874 tollens

136 3927 188 3982 280
222 3906 374 4000 ‘pascere
398 3916 543 3994 crudelis,
566 3919 682 3993 nostro,
705 3916 837 3993 Latona,
861 3916 975 3992 dolore,

135 4032 187 4088 281
225 4011 367 4107 pascere'
396 4023 441 4087 111
462 4011 621 4104 ‘satisque
644 4041 714 4087 meo
738 4025 796 4086 tua
818 4024 947 4104 pectora
970 4022 1078 4086 luctu:

348 4235 401 4290 282
420 4231 646 4302 [Corqueferum
665 4231 743 4287 satia'
767 4234 840 4300 dixit,
859 4230 914 4303 ‘per
932 4232 1023 4286 funera
1043 4230 1169 4306 septem’]
