2858 4710
479 270 535 324 Lib.
554 269 612 338 VH,
630 287 653 325 v.
672 270 822 326 raa-498.

131 430 294 514 promissis
306 431 480 514 Anaphen,
502 449 600 513 regna
621 431 808 514 Astypaleia
829 432 928 507 hell0;

131 538 205 602 hinc
226 536 382 602 humilem
403 537 575 620 Myconum
598 540 785 619 cretosaque
807 557 883 602 rura
906 537 1020 604 Cimoli

133 643 362 725 florentemque
385 643 496 726 thymo
520 643 683 727 Cythnum
704 662 899 727 parvamque
924 643 1078 728 Seriphon

40 759 96 815 465
132 768 407 832 marmoreamque
429 749 542 828 Paron,
566 768 726 831 quamque
748 749 847 833 impia
868 751 1006 834 prodidit
1027 753 1112 817 Arne

134 856 275 941 Siphnon
298 856 345 941 (et
367 859 503 940 accepto,
527 856 611 938 qnod
634 874 730 926 arara
750 860 946 940 poposcerat,
969 875 1046 923 auro

132 964 259 1028 mutata
282 964 332 1029 cst
352 963 386 1026 in
410 982 510 1041 avem,
534 981 615 1044 quae
637 981 722 1027 nunc
746 981 871 1045 quoque
895 964 999 1046 diligit
1022 983 1145 1043 aurum,

131 1071 224 1152 nigra
245 1069 350 1153 pedes,
372 1069 471 1152 nigris
494 1069 600 1134 relata
621 1069 792 1134 monedula
814 1069 948 1153 pennis).

131 1178 176 1241 At
196 1195 260 1240 non
283 1175 406 1241 Oliaros
428 1175 647 1258 Didymaeque
672 1178 705 1241 et
726 1176 827 1240 Tenos
851 1177 884 1241 et
905 1176 1029 1244 Andros

42 1291 96 1347 470
133 1284 167 1348 et
190 1281 312 1365 Gyaros
335 1281 518 1363 nitidaeque
541 1276 629 1347 ferar
650 1280 844 1365 Peparethos
868 1283 968 1348 olivae

135 1388 307 1454 Cnosiacas
329 1388 436 1453 iuvere
459 1390 555 1455 rates.
599 1388 713 1453 Latere
736 1387 809 1453 inde
833 1388 960 1453 sinistro
1084 1462 1085 1465 Ἴ

133 1495 307 1582 Oenopiam
329 1494 433 1560 Minos
456 1495 545 1578 petit,
567 1494 737 1581 Aeacideia
759 1513 875 1577 regna:

133 1600 306 1686 Oenopiam
329 1603 451 1666 veteres
475 1602 681 1684 appellavere,
704 1601 760 1666 sed
782 1602 868 1685 ipse.

132 1711 255 1774 Aeacus
277 1708 433 1790 Aeginam
452 1708 624 1791 genetricis
647 1709 773 1773 nomine
797 1708 884 1773 dixit.

43 1823 96 1880 475
221 1816 327 1880 Turba
348 1814 414 1882 ruit
436 1815 609 1896 tantaeque
632 1815 737 1879 virum
760 1832 945 1897 cognoscere
968 1814 1073 1880 famae

135 1922 261 2006 expetit.
307 1920 487 1986 Occurrunt
508 1921 556 1986 illi
578 1921 801 2002 Telamonque,
823 1921 989 2002 minorque

134 2047 231 2111 quam
251 2029 402 2097 Telamon
424 2027 548 2106 Peleus,
572 2029 604 2091 et
625 2027 729 2114 proles
752 2027 849 2091 tertia
870 2026 1005 2092 Phocus.

132 2135 205 2219 Ipse
229 2153 354 2217 quoque
379 2133 539 2216 egreditur
561 2133 674 2201 tardus
697 2133 853 2215 gravitate
877 2134 969 2198 senili

133 2243 265 2319 Aeacus,
289 2244 321 2306 et
343 2259 425 2323 quae
448 2240 491 2305 sit
513 2239 659 2309 veniendi
682 2257 779 2305 eausa
800 2240 944 2322 requirit.

46 2357 97 2412 480
133 2347 323 2412 Admonitus
345 2347 441 2430 patrii
462 2347 570 2421 luctus
593 2347 734 2430 suspirat
756 2349 789 2411 et
810 2346 858 2416 illi
987 2389 989 2393 ν

135 2454 219 2519 dicta
240 2454 340 2519 refert
361 2455 465 2518 rector
486 2454 675 2536 populorum
693 2454 776 2519 'talia
798 2455 944 2518 centum:

132 2549 243 2625 ‘Arma
264 2561 353 2625 iuves
377 2579 430 2624 oro
452 2578 508 2642 pro
532 2562 627 2642 gnato
652 2562 782 2644 sumpta
803 2561 937 2644 piaeque

135 2686 209 2750 pars
233 2667 276 2732 sis
296 2666 449 2737 militiae:
472 2667 597 2730 tumulo
621 2666 738 2732 solacia
759 2654 872 2748 posco'

25 2762 27 2765 ’
135 2773 218 2839 Huic
239 2772 412 2856 Asopiades
432 2760 529 2855 ‘petis
551 2759 664 2840 inrita³
691 2772 770 2836 dixit
789 2760 836 2837 ‘et
858 2772 930 2837 urbi

52 2887 100 2943 485
135 2899 198 2944 non
221 2879 365 2944 facienda
386 2897 494 2954 meae;
515 2897 620 2960 neque
643 2878 728 2943 enim
749 2878 946 2943 coniunctior
968 2878 1036 2970 ulla

137 2985 314 3069 Cecropidis
336 2987 397 3050 hac
420 2988 470 3052 cst
491 2986 606 3050 tellus:
629 3003 667 3050 ea
689 2982 816 3049 foedera
837 2972 947 3048 nobis‘.

136 3092 247 3156 Pristis
271 3093 336 3157 abit
355 3079 516 3157 tstabunt'
543 3110 604 3174 qne
625 3079 697 3156 ‘tihi
719 3093 780 3155 tua
799 3090 926 3156 foedera
947 3077 1077 3173 magno*

137 3198 223 3277 dixit,
246 3201 279 3263 et
299 3199 411 3267 utilius
433 3199 554 3264 ballum
575 3199 672 3281 putat
693 3216 762 3263 esse
784 3197 899 3262 minari

138 3323 232 3387 quam
255 3324 362 3388 gerere
385 3307 482 3387 atque
505 3323 581 3373 suas
603 3305 647 3374 ihi
668 3322 929 3388 praeconsumere
952 3305 1044 3370 vires.

56 3414 105 3471 490
224 3411 342 3477 Classis
365 3412 404 3476 ab
429 3410 576 3496 Oenopiis
599 3411 777 3477 etiamnum
797 3409 910 3493 Lyctia
932 3411 1033 3476 muris

139 3519 272 3601 spectari
293 3519 427 3603 poterat,
450 3537 524 3583 curn
546 3518 639 3602 pleno
662 3517 785 3584 concita
806 3517 876 3581 velo

136 3618 243 3691 Attica
264 3626 379 3710 puppis
400 3626 494 3691 adest
515 3626 549 3689 in
570 3627 744 3708 portusque
768 3623 868 3688 intrat
891 3623 1018 3701 amicos,

139 3749 217 3813 quac
241 3732 417 3816 Cephalum
439 3733 625 3816 patriaeque
649 3730 745 3795 simul
766 3729 918 3794 mandata
940 3729 1072 3795 ferebat.

137 3839 289 3904 Aeacidae
312 3839 404 3922 longo
427 3840 557 3906 iuvenes
579 3839 652 3921 post
674 3838 816 3920 tempore
839 3836 945 3901 risum

57 3946 106 4002 495
140 3961 291 4026 agnovere
313 3947 421 4011 tamen
445 3946 621 4031 Cephalum
645 3944 835 4024 dextrasque
859 3941 972 4007 dedere

140 4049 233 4133 inque
255 4052 355 4135 patris
377 4053 494 4120 duxere
517 4053 655 4120 domum.
702 4048 890 4133 Spectabilis
912 4048 1007 4112 heros

140 4158 171 4220 et
191 4159 306 4223 veteris
327 4160 467 4227 retinens
490 4162 666 4228 etiamnum
687 4158 818 4242 pignera
840 4154 959 4220 formae

124 4248 321 4346 ingreditur,
343 4287 532 4354 ramumque
555 4270 668 4334 tenens
691 4263 850 4351 popularis
874 4263 973 4329 olivae

1006 4365 1066 4420 no*
