2858 4710
551 293 606 347 Lib.
626 293 671 358 VI,
691 311 713 347 v.
733 293 883 349 all-388.

197 453 253 518 sed
276 453 417 517 relevare
441 452 539 516 sitim.
585 452 682 518 Caret
705 471 740 517 os
763 472 873 518 umore
897 454 1058 536 loquentis

105 565 158 621 355
195 560 227 624 01
250 558 358 624 fauces
383 561 483 636 arent,
506 558 621 639 vixque
645 562 694 623 est
717 559 768 623 via
791 560 875 625 vocis
899 561 933 623 in
955 561 1028 624 illis.

194 665 341 730 Haustus
365 683 467 746 aquae
490 665 571 729 mihi
592 667 704 730 nectar
727 666 796 743 erit,
818 666 982 749 vitamque
1005 666 1129 732 fatebor

197 771 355 855 accepisse
380 771 493 836 simul:
518 771 620 836 vitam
642 771 793 837 dederitis
816 773 850 836 in
873 772 968 836 unda.

196 877 240 942 Hi
263 896 388 961 quoque
412 896 468 943 vos
491 879 648 954 moveant,
673 879 728 959 qui
750 880 859 944 nostro
882 879 1030 943 bracchia
1052 880 1190 944 tendunt

195 1003 294 1069 parva
318 984 438 1048 sinu‘“:
463 985 495 1048 et
518 1002 595 1048 casu
617 985 792 1049 tendebant
814 985 963 1049 bracchia
985 985 1063 1049 nati.

105 1098 160 1154 360
196 1089 300 1170 Quem
322 1109 387 1154 non
408 1089 527 1154 blanda
550 1090 627 1154 deae
650 1090 947 1173 potuissentverba
968 1094 1119 1156 movere?

195 1196 239 1261 Hi
261 1199 371 1261 tamen
394 1197 539 1261 orantem
562 1199 710 1279 perstant
732 1197 898 1280 prohibere
922 1197 1098 1279 minasque,

194 1303 228 1367 ni
250 1303 361 1386 procul
384 1302 544 1379 abscedat,
568 1303 771 1384 conviciaque
794 1303 925 1386 insuper
948 1302 1079 1367 addunt.

195 1408 264 1474 Nec
287 1409 366 1473 satis
390 1410 448 1486 est,
470 1409 555 1492 ipsos
580 1409 677 1474 etiam
699 1409 897 1492 pedibusque
921 1426 1083 1490 manuque

194 1515 365 1580 turbavere
388 1515 478 1580 lacus
501 1515 629 1598 imoque
653 1534 669 1580 c
694 1515 819 1598 gurgite
842 1515 971 1579 mollem

106 1628 159 1684 365
194 1622 258 1686 huc
280 1621 358 1686 illuc
379 1622 495 1686 limum
519 1622 604 1685 saltu
626 1640 753 1687 movere
776 1621 925 1704 maligno.

194 1727 331 1792 Distulit
353 1727 401 1791 ira
425 1727 529 1791 sitim:
553 1745 658 1808 neque
683 1727 768 1792 enim
790 1727 856 1792 iarn
877 1727 944 1792 filia
968 1725 1043 1793 Coei

194 1833 353 1917 supplicat
375 1834 523 1915 indignis,
545 1852 604 1898 100
627 1834 731 1899 dicere
755 1835 892 1898 sustinet
914 1835 1001 1898 ultra

161 2021 163 2024 .
194 1941 291 2005 verba
314 1940 438 2004 minora
461 1940 529 2017 dea,
552 1941 733 2022 tollensque
758 1940 798 2004 ad
821 1941 925 2005 sidera
948 1941 1073 2023 palmas

194 2047 393 2123 „aeternum
416 2048 561 2128 stagno“‘
584 2046 663 2110 dixit
686 2046 832 2124 ‚„vivatis
854 2047 888 2109 in
910 2046 1012 2110 isto“‘.

104 2157 159 2213 370
194 2151 355 2217 Eveniunt
377 2155 487 2236 optata
510 2153 606 2217 deae:
629 2152 719 2217 iuvat
742 2171 810 2218 esse
835 2153 894 2216 sub
917 2150 1011 2216 undis

195 2260 227 2322 et
250 2259 343 2324 modo
365 2262 435 2325 tota
458 2279 536 2326 cava
559 2261 763 2342 submergere
785 2260 929 2324 membra
952 2259 1077 2342 palude,

194 2384 280 2430 nunc
302 2365 442 2449 proferre
466 2369 571 2450 caput,
595 2385 720 2430 summo
743 2364 836 2431 modo
860 2365 985 2447 gurgite
1008 2382 1095 2441 nare,

194 2489 289 2555 saepe
313 2490 409 2556 super
431 2473 535 2556 ripam
559 2473 665 2555 stagni
688 2472 869 2549 consistere,
893 2488 990 2555 saepe·

193 2577 228 2641 in
251 2579 372 2660 gelidos
395 2579 517 2644 resilire
540 2580 638 2644 lacus.
685 2578 748 2643 Sed
770 2598 856 2642 nunc
879 2596 1004 2660 quoque
1027 2580 1139 2661 turpes

103 2690 156 2747 375
193 2684 303 2749 litibus
328 2687 474 2750 exercent
496 2686 622 2767 linguas
645 2686 801 2768 pulsoque
824 2684 953 2768 pudore,
1179 2679 1183 2686 ’

192 2792 339 2874 quamvis
363 2792 428 2856 sint
451 2793 511 2857 sub
535 2809 627 2874 aqua,
651 2792 710 2857 sub
734 2809 818 2873 aqua
840 2791 1029 2856 maledicere
1053 2792 1223 2874 temptant.

192 2896 263 2961 Vox
287 2916 413 2979 quoque
435 2899 501 2961 iem
524 2915 622 2962 rauca
645 2899 703 2974 est,
726 2896 900 2978 inflataque
924 2888 1010 2961 colla'
1028 2899 1222 2972 tumescunt,

192 3004 325 3086 ipsaque
349 3003 486 3068 dilatant
508 3004 636 3087 patulos
661 3003 801 3069 convicia
823 3003 932 3067 rictus.

191 3108 294 3192 Terga
317 3111 413 3193 caput
436 3112 583 3192 tangunt,
607 3111 689 3175 colla
710 3109 888 3192 intercepta
910 3108 1060 3173 videntur

101 3224 156 3280 380
192 3216 284 3299 spina
307 3216 397 3295 viret
419 3219 539 3295 venter,
562 3236 637 3300 pars
659 3217 799 3283 maxima
822 3215 971 3299 corporis,
995 3216 1089 3292 albet,

190 3321 366 3405 limosoque
389 3341 489 3388 novae
514 3324 634 3389 saliunt
655 3324 690 3387 in
714 3322 839 3404 gurgite
862 3325 985 3386 ranae.“

923 3517 976 3578 33.
999 3513 1166 3598 11000000.
1203 3512 1327 3596 Pelops.

281 3639 334 3705 Sic
356 3641 411 3705 ubi
433 3640 539 3705 nescio
564 3640 634 3722 quis
657 3639 755 3722 Lycia
779 3639 817 3703 de
840 3639 935 3721 gente
958 3639 1099 3704 virentum
1139 3657 1142 3661 ·

190 3746 317 3812 rettulit
340 3746 481 3824 exitium,
504 3747 605 3830 satyri
628 3745 843 3810 reminiscitur
866 3746 956 3821 alter,
1009 3734 1011 3736 ’

192 3871 288 3933 quem
310 3852 490 3917 Tritoniaca
512 3852 632 3917 Latous
655 3851 834 3916 harundine
857 3851 978 3916 victum

101 3964 155 4022 385
192 3957 309 4023 adfecit
332 3976 443 4042 poena.
485 3946 584 4036 ‘Quid
606 3976 657 4022 me
681 3957 761 4022 mihi
784 3945 962 4022 detrahis?'
1011 3956 1133 4037 inquit:

187 4051 221 4129 ‘a
243 4065 341 4148 piget,
364 4082 383 4130 0
405 4082 469 4128 101
492 4052 554 4129 est'
580 4065 740 4129 clamabat
760 4051 852 4128 ‘tibia
875 4050 984 4127 tanti‘.

190 4169 353 4237 Clamanti
375 4170 458 4235 cutis
483 4172 532 4235 est
555 4188 697 4236 summos
721 4170 845 4254 direpta
867 4188 924 4253 per
948 4172 1046 4246 artus,

189 4295 247 4343 nec
271 4277 443 4360 quicquam
465 4277 528 4341 nisi
550 4277 667 4341 vulnus
691 4278 776 4351 erat3
800 4294 893 4341 cruor
913 4275 1061 4356 1111010
1079 4275 1215 4341 manat,
