2858 4710
482 1361 650 1446 LIBER
685 1359 876 1450 NONUS.

824 1622 874 1686 50.
897 1618 1053 1686 Achelous
1075 1621 1105 1684 et
1126 1615 1293 1684 Hercules.

249 1779 336 1860 Quae
360 1780 497 1864 gemitus
520 1784 715 1864 truncaeque
740 1782 798 1847 deo
821 1781 1002 1865 Neptunius
1024 1779 1117 1845 heros

160 1904 257 1952 eausa
279 1888 372 1970 rogat
394 1887 516 1966 frontis,
540 1908 613 1954 oum
636 1889 681 1953 sio
705 1886 898 1971 Calydonius
922 1886 1024 1952 amnis

161 1993 271 2076 eoepit,
293 1995 454 2060 inornatos
476 1996 643 2060 redimitus
666 1995 843 2060 harundine
868 1994 989 2061 orines:

245 2089 365 2166 ‘Triste
388 2102 470 2185 petis
493 2121 621 2166 munus.
666 2100 745 2181 Quis
769 2101 853 2166 enim
877 2119 935 2165 sua
957 2100 1076 2184 proelia
1099 2099 1203 2166 vietus

98 2213 125 2268 5
161 2224 403 2272 commemorare
426 2208 526 2273 velit?
548 2207 697 2272 Referam
718 2209 828 2272 tamen
851 2207 966 2272 ordine.
1010 2205 1079 2272 Neo
1101 2208 1169 2271 tam

161 2313 252 2396 turpe
275 2312 337 2378 fuit
358 2314 450 2392 rinei,
474 2333 571 2396 quam
595 2313 792 2379 contendisse
816 2313 965 2379 decorum
988 2315 1046 2392 est,

159 2437 338 2502 magnaque
361 2420 418 2485 dat
439 2421 529 2485 nobis
552 2421 663 2485 tantus
688 2420 804 2485 solaoia
826 2420 935 2486 vietor.

160 2524 294 2592 Nomine
318 2526 411 2609 siqua
434 2545 490 2591 suo
514 2527 608 2591 fando
631 2526 839 2610 pervenitad
863 2545 955 2591 aures

159 2630 311 2698 Deianira
333 2634 407 2698 tuas
431 2670 473 2680 ·-
498 2633 659 2715 quondam
682 2633 896 2717 pulcherrima
918 2634 1006 2716 virgo
1054 2617 1057 2624 ⁵

82 2746 125 2800 10
159 2739 397 2821 multorumque
420 2739 482 2804 fuit
505 2758 577 2823 spes
600 2740 754 2805 invidiosa
776 2758 953 2823 prooorum.

159 2844 241 2911 Cum
264 2845 379 2930 quibus
400 2848 440 2912 'ut
463 2846 562 2911 sooeri
584 2846 697 2911 domus
721 2847 771 2911 est
792 2846 913 2912 intrata
935 2846 1037 2930 petiti,

157 2953 286 3036 „aooips
308 2971 360 3018 me
384 2958 566 3036 generum“‚
590 2953 653 3016 dini
676 2952 878 3032 „Porthaone
900 2954 1015 3018 nate“:

158 3057 238 3123 dixit
261 3061 293 3124 et
315 3059 450 3126 Aloidas.
495 3059 558 3124 Alii
581 3077 703 3125 sessore
727 3059 860 3126 duobus.

156 3164 216 3231 Ille
238 3165 347 3231 Iorem
369 3185 514 3231 sooenum
537 3165 611 3230 dare
636 3184 669 3230 se
692 3165 875 3248 famamque
897 3165 1044 3232 laborum

62 3278 124 3351 {15
158 3273 192 3336 et
213 3273 364 3356 superata
387 3290 464 3337 suae
486 3270 644 3337 referebat
666 3272 754 3337 iussa
776 3290 939 3338 novercae.
978 3260 981 3266 ’

157 3376 276 3443 Contra
298 3397 356 3461 ogo
380 3380 494 3462 „turpe
518 3377 614 3443 deum
636 3378 766 3443 mortali
789 3379 920 3444 oedene“
945 3379 1027 3454 dixi;

157 3484 312 3568 (nondum
336 3489 405 3550 erat
428 3485 481 3549 ille
505 3483 595 3568 dens)
619 3483 809 3561 „dominum
831 3504 883 3550 me
908 3484 1010 3551 oernis
1034 3503 1193 3568 aquarum

157 3592 302 3656 onrsibus
326 3591 461 3674 obliquis
484 3591 568 3656 inter
590 3592 648 3655 tua
670 3609 769 3674 regna
791 3591 960 3657 fluentum.

156 3697 224 3763 Neo
246 3716 343 3780 gener
366 3698 502 3763 externis
525 3698 640 3781 hospes
663 3698 722 3763 tibi
744 3699 862 3764 missus
886 3700 926 3764 ab
949 3699 1021 3777 oris,

78 3810 122 3868 20
157 3804 213 3869 sed
235 3805 396 3888 popularis
420 3823 472 3871 eno
496 3805 528 3869 et
550 3823 658 3869 rerum
680 3823 755 3888 pars
778 3824 844 3871 una
866 3806 1007 3871 tuarum.

156 3910 359 3976 Tantumne
381 3913 502 3990 nooeat,
526 3911 610 3995 quod
632 3929 684 3976 me
707 3930 766 3977 nee
787 3912 876 3994 regia
897 3912 978 3977 Iuno

156 4016 225 4082 odit
247 4018 280 4082 et
303 4018 404 4082 omnis
429 4018 520 4082 abest
541 4018 702 4082 iussorum
724 4037 827 4102 poena
849 4020 1005 4084 laborum.

156 4122 250 4202 Nam,
273 4142 335 4206 quo
358 4125 391 4188 to
413 4124 523 4202 iustas,
546 4125 700 4189 Alomena
721 4126 806 4204 nate,
830 4127 983 4204 creatum,
1145 4209 1147 4213 y

154 4227 300 4314 Iuppiter
324 4231 381 4295 aut
402 4230 699 4314 falsuspatorest,
723 4234 780 4297 aut
804 4233 935 4298 erimine
958 4252 1075 4313 verns
