2858 4710
160 287 223 351 166
551 275 622 347 Aper
640 275 804 345 Calydonius,
839 275 976 345 Meleager.

248 436 318 517 Qua
339 437 453 522 potuit,
475 438 619 521 precibus
643 437 722 502 deus
746 436 873 501 adnuit:
896 437 979 502 ictus
1003 437 1042 501 ah
1064 437 1118 502 illo
1142 439 1207 516 est,

247 544 304 610 sed
327 545 393 610 sine
416 546 555 622 vulnere,
578 562 671 627 aper;
693 543 814 608 ferrum
836 543 940 607 Diana
961 544 1083 608 volanti

248 652 424 717 abstulerat
446 652 565 716 iaculo:
587 651 712 733 lignum
735 650 802 714 siue
826 650 969 715 acumine
992 651 1087 716 venit.

159 765 211 821 355
337 757 391 822 Ira
413 756 472 822 feri
493 758 581 821 mota
604 757 662 834 est,
685 774 743 821 nec
764 755 897 820 fulmine
920 757 1023 821 lenius
1047 757 1142 821 arsit:

248 864 363 930 emicat
385 882 423 928 ex
445 863 552 941 oculis,
576 864 676 946 spirat
699 881 823 945 quoquc
846 865 972 946 pectore
995 862 1133 929 flamma.

248 962 357 1053 thue
379 970 466 1034 volat
485 971 587 1035 moles
611 969 746 1034 adducto
770 969 893 1040 concita
915 987 1020 1047 nervo,

248 1096 321 1142 cum
343 1076 423 1159 petit
446 1078 502 1141 aut
524 1095 632 1141 muros
656 1078 713 1141 aut
734 1067 845 1159 plenas
868 1076 970 1140 mihte
993 1077 1107 1154 turrea,

246 1183 280 1247 in
301 1183 430 1249 iuvenes
454 1184 539 1248 certo
563 1183 608 1247 sic
629 1182 747 1266 impete
770 1183 937 1248 vulnificus
961 1201 1016 1247 sus

158 1297 212 1354 360
248 1289 350 1355 fertur
373 1291 405 1355 et
426 1290 624 1372 Eupalamon
646 1289 876 1371 Pelagonaque,
899 1289 1009 1354 dextra
1031 1291 1174 1355 tuentes

249 1415 374 1474 cornua,
397 1396 585 1478 prosternit3
609 1396 684 1460 sccii
705 1415 838 1478 rapuere
860 1396 1009 1489 iacentes.

248 1503 292 1567 At
313 1521 377 1566 non
399 1501 539 1566 letiferos
562 1501 673 1584 afflugit
694 1502 883 1567 Enaesimus
906 1503 1000 1581 ictus,

248 1608 464 1691 Hippocoonte
488 1609 593 1672 satus:
616 1607 832 1690 trepidantem
855 1610 887 1673 et
909 1610 1000 1690 terga
1022 1610 1195 1692 parantem

247 1717 370 1781 vertere
393 1714 513 1780 succiso
536 1714 838 1798 liqueruntpoplite
859 1715 957 1780 nervi.

160 1829 212 1887 365
337 1821 483 1886 Forsitan
505 1823 538 1887 et
559 1821 673 1904 Pylius
694 1822 774 1886 citra
796 1820 930 1887 Tmiana
951 1823 1087 1904 perisset

248 1929 408 2011 tempora:
432 1927 488 1992 sed
511 1928 639 2010 sumpto
661 1928 767 2010 posita
789 1928 952 1993 conamine
976 1929 1016 1993 ab
1038 1929 1136 1993 hasta
1163 1942 1164 1945 ’

249 2034 368 2100 arboris
390 2034 522 2112 insiluit,
546 2053 627 2116 quae
651 2035 758 2100 stabat
778 2035 929 2119 proxima,
951 2035 1049 2099 ramis

248 2140 462 2223 despexitque,
483 2141 553 2205 1010
575 2141 675 2219 tutus,
699 2158 794 2222 quem
815 2140 942 2223 fugerat
963 2141 1098 2206 huelem.

335 2247 493 2313 Dentibus
516 2247 570 2312 ille
591 2246 679 2312 ferox
700 2247 734 2312 in
758 2266 875 2329 querno
899 2247 1007 2330 stipite
1029 2247 1114 2312 tritis

160 2361 213 2419 370
248 2353 383 2418 inminet
405 2354 507 2431 exitio,
529 2352 692 2434 fidensque
716 2354 894 2418 recentibus
918 2355 1014 2418 armis

249 2456 424 2544 Eurytidae
446 2458 556 2541 magni
576 2460 679 2523 rostro
701 2458 805 2524 femur
827 2460 937 2527 hausit
959 2460 1089 2525 adunco.

320 2567 382 2630 vAt
405 2565 531 2647 gemini,
553 2565 696 2631 nondum
719 2566 869 2631 caelestia
891 2566 1004 2644 sidera,
1026 2566 1153 2646 fratres,

250 2674 342 2739 ambo
365 2672 532 2755 conspicui,
554 2672 626 2738 nive
649 2672 880 2738 candidioribus
904 2675 995 2738 ambo

248 2780 457 2846 vectabantur
480 2779 579 2862 equis,
603 2780 693 2844 ambo
718 2779 841 2845 vibrata
863 2798 920 2862 per
942 2798 1036 2845 auras

159 2897 213 2955 315
248 2889 415 2971 hastarum
437 2887 574 2952 tremulo
598 2887 785 2968 quatiebant
806 2887 930 2970 spicula
949 2888 1048 2952 111010.

248 2994 390 3059 Vulnera
412 2992 570 3072 fecissent,
592 2994 654 3060 nisi
677 2993 813 3076 saetiger
835 2993 918 3058 inter
942 3011 1064 3075 opacas,

248 3118 307 3167 nec
328 3099 440 3165 iaculis
463 3099 543 3164 isset
564 3117 624 3164 nec
646 3118 728 3181 equo
748 3100 817 3164 loca
839 3099 955 3182 pervia,
978 3100 1084 3164 silvas.

251 3205 459 3287 Persequitur
481 3206 632 3271 Telamon
654 3205 823 3286 studioque
845 3206 994 3271 incautus
1017 3205 1117 3271 cundi*
1171 3223 1174 3230 ’

248 3329 366 3396 pronus
390 3311 429 3376 ab
452 3311 584 3375 arborea
606 3311 719 3376 cecidit
741 3310 846 3377 radice
869 3314 1022 3377 retentus.
1396 3385 1404 3395 ‚

160 3428 214 3485 380
338 3416 424 3480 Dum
445 3417 533 3482 levat
555 3418 640 3482 hunc
661 3417 786 3495 Peleus,
809 3418 944 3483 celerem
966 3419 1109 3500 Tegeaea
1127 3418 1288 3502 ¹sagittam

248 3523 400 3608 imposuit
421 3540 518 3588 nervo
542 3522 731 3605 sinuatoque
755 3524 874 3607 expulit
896 3543 981 3590 arcu.

249 3633 327 3698 lixa
350 3631 408 3696 sub
432 3628 590 3695 11111111
613 3647 776 3695 summum
799 3631 967 3696 destrinxit
987 3631 1132 3696 harundo

251 3757 364 3822 corpus
388 3738 420 3803 01
442 3737 553 3819 exiguo
576 3736 730 3802 rubefecit
752 3738 906 3820 sanguine
930 3739 1044 3804 111111.

249 3847 317 3912 Nec
338 3847 447 3912 tamen
469 3845 525 3909 illa
548 3843 598 3908 sui
621 3863 769 3909 successu
790 3845 903 3909 laetior
924 3846 1016 3924 ictus,

159 3962 213 4020 385
236 3936 347 4036 ‘quam
369 3952 546 4034 Meleagros
568 3953 646 4016 erat.
690 3951 817 4015 Primus
840 3951 955 4016 ddisse
977 3954 1112 4035 putatur

251 4061 283 4125 et
304 4059 426 4142 primus
449 4058 540 4122 sociis
562 4058 668 4123 visum
691 4057 865 4123 ostendisse
888 4077 1032 4124 cruorem

251 4168 283 4232 et
303 4152 487 4230 ‘meritum'
513 4164 629 4234 dixisse
648 4153 749 4230 ‘feras
772 4163 900 4229 urtutis
922 4152 1099 4231 honorem.

248 4273 412 4340 Erubuere
434 4271 494 4336 viri
516 4290 613 4354 seque
636 4272 842 4338 exhortantur
865 4273 897 4336 et
920 4271 1041 4339 addunt
1101 4339 1103 4341 ,
