2858 4710
561 282 617 336 uro.
637 282 682 349 vx,
701 301 724 336 v.
745 282 895 337 rra-acc.

115 453 170 508 210
208 444 275 509 Νο0
299 444 386 508 dolor
408 443 460 508 hio
484 443 589 507 solus:
613 442 681 506 diro
705 442 844 507 convicia
866 442 950 507 facto
1023 464 1024 467 ¹

207 551 348 615 Tantalis
373 549 488 614 adiecit
510 567 628 631 vosque
652 551 701 612 est
724 553 912 631 postponere
935 549 1020 613 uatis

208 674 287 721 ausa
310 656 387 733 suis,
411 657 443 721 et
465 673 526 732 me,
550 655 636 737 quod
658 654 692 718 in
715 654 818 737 ipsam
841 655 990 731 reccidat,
1014 655 1122 719 orbam
1167 692 1168 695 =

207 762 286 826 dixit
309 763 341 826 et
363 761 506 826 exhibuit
528 760 672 842 linguam
695 761 851 826 scelerata
873 748 1058 843 patemam.'

205 868 380 933 Adiectura
402 885 512 951 preces
537 868 606 931 erat
628 867 679 930 his
703 865 826 931 Latona
849 867 978 932 relatis:

115 982 171 1038 215
204 961 358 1040 ‘desinet'
384 973 531 1038 Phoebus
556 973 617 1037 ait:
638 961 770 1056 ‘poenae
793 991 883 1038 mora
905 973 1000 1056 longa
1025 974 1167 1055 querella
1190 976 1239 1039 est

205 1079 294 1144 Dixit
316 1080 401 1144 idem
423 1079 566 1143 Phoebe:
591 1079 747 1160 celerique
770 1099 827 1162 per
850 1083 925 1144 abra
947 1080 1040 1163 lapsu

207 1186 407 1267 contigerant
429 1185 506 1250 tecti
529 1184 704 1251 Cadmeida
726 1186 864 1251 nubibus
889 1204 1002 1250 arcem.

296 1292 417 1356 Planus
440 1291 510 1356 erat
531 1291 660 1372 lateque
683 1294 798 1375 patens
821 1311 918 1375 prope
941 1293 1066 1356 moenia
1090 1311 1230 1376 campus,

210 1396 351 1462 adsiduis
373 1397 522 1481 pulsatus
545 1397 645 1479 equis,
669 1398 725 1462 ubi
746 1397 842 1462 turba
864 1399 1008 1462 rotarum

38 1535 42 1542 ·
116 1512 173 1567 220
209 1503 353 1586 duraque
375 1503 536 1568 mollierat
559 1503 719 1568 subiectas
743 1503 864 1585 ungula
887 1504 1024 1585 glaebas.

206 1608 286 1674 Pars
310 1610 416 1674 ibide
440 1610 564 1693 septem
587 1610 702 1692 genitis
725 1610 903 1694 Amphione
926 1609 1023 1675 fortes

207 1717 424 1782 conscendunt
445 1715 479 1780 in
503 1734 601 1797 equos
624 1716 781 1808 Tyrioque
805 1716 952 1781 rubentia
976 1735 1050 1782 suco

205 1824 297 1904 terga
318 1824 470 1905 premunt
493 1840 633 1903 auroque
657 1840 769 1904 graves
792 1822 1000 1887 moderantur
1022 1823 1171 1888 habenas.

205 1930 231 1992 Ε
257 1929 372 2010 quibus
394 1928 552 2004 Ismenus,
576 1928 631 2008 qui
654 1928 751 1991 matri
768 1928 898 1992 >sarcina
922 1929 1083 2010 quondam

115 2041 170 2098 225
205 2035 308 2118 prima
333 2051 408 2098 snae
430 2032 545 2109 fuerat,
568 2032 646 2097 dum
669 2034 793 2098 certum
815 2032 915 2098 flectit
936 2034 970 2097 in
993 2035 1101 2099 orbem

207 2139 421 2222 quadrupedis
444 2157 557 2204 cursus
582 2139 828 2222 spumantiaque
852 2157 906 2203 ora
930 2143 1062 2216 coercet,

203 2234 246 2311 ‘ei
268 2233 380 2311 mihit'
405 2246 583 2310 conclamat
605 2245 773 2326 medioque
796 2246 830 2309 in
852 2247 978 2329 pectore
1002 2246 1063 2311 fixa

205 2354 270 2418 tela
293 2352 383 2435 gerit,
406 2351 567 2433 frenisque
590 2370 689 2416 manu
711 2352 866 2417 moriente
879 2353 1030 2423 remissis

204 2459 346 2523 inlatus
371 2477 390 2522 a
413 2458 522 2522 dextro
544 2459 701 2542 paulatim
724 2457 835 2523 defluit
859 2477 956 2523 armo.

113 2575 168 2630 230
204 2565 380 2642 Proximus
405 2565 512 2629 audito
537 2565 643 2628 sonitu
664 2583 721 2648 per
744 2565 837 2629 inane
860 2565 1039 2648 pharetrae,

203 2671 294 2736 frena
317 2671 414 2735 dabat
438 2669 575 2754 Sipylus,
598 2671 698 2736 veluti
721 2690 794 2736 oum
816 2671 978 2754 praescius
1001 2671 1111 2737 imbris

204 2777 287 2842 nube
312 2776 395 2858 fugit
417 2776 484 2840 visa
507 2777 740 2859 pendentiaque
765 2777 905 2858 undique
928 2780 1032 2843 rector

206 2884 337 2948 carbasa
361 2882 497 2959 deducit,
519 2901 559 2946 ne
584 2883 748 2964 qualevis
772 2882 884 2947 effluat
907 2902 992 2948 aura.

205 2990 308 3054 Frena
332 2989 445 3052 dabat:
469 2988 601 3052 dantem
623 3007 687 3053 non
710 2989 856 3054 evitabile
880 2990 982 3053 telum

112 3104 167 3160 235
204 3095 425 3176 consequitur3
450 3113 640 3176 summaque
662 3097 803 3160 tremens
828 3095 948 3160 cervice
972 3097 1091 3178 sagitta

205 3200 320 3278 haesit,
344 3202 376 3265 et
400 3200 547 3264 exstabat
569 3201 692 3265 nudum
715 3200 753 3265 de
777 3202 907 3284 gutture
931 3199 1060 3266 ferrum.
1116 3286 1119 3291 .

204 3307 272 3385 Ille,
295 3308 332 3371 ut
355 3309 432 3384 erat,
455 3325 573 3390 pronus
595 3325 653 3390 per
675 3325 768 3372 crura
791 3307 931 3372 admissa
953 3307 1106 3390 iubasque

204 3414 341 3478 volvitur
363 3415 397 3479 et
420 3413 520 3478 calido
543 3414 694 3478 tellurem
716 3414 869 3495 sanguine
892 3412 1007 3477 foedat.

203 3519 399 3583 Phaedimus
422 3518 530 3583 infelix
553 3520 585 3583 et
609 3518 685 3583 aviti
707 3518 844 3583 nominis
867 3518 959 3583 heres

111 3633 167 3689 240
203 3625 366 3702 Tantalus,
389 3626 426 3688 ut
450 3625 542 3689 solito
566 3624 663 3689 finem
685 3624 864 3707 imposuere
887 3625 996 3701 labori,

204 3731 398 3796 transierant
421 3730 462 3796 ad
485 3749 564 3814 opus
586 3730 705 3795 nitidae
727 3730 874 3795 iuvenale
897 3731 1094 3813 palaestrae;

205 3839 239 3902 et
261 3838 327 3901 iam
350 3837 551 3902 contulerant
574 3838 643 3901 arto
666 3837 823 3901 luctantia
845 3853 928 3900 nexu

203 3945 333 4027 pectora
355 3944 543 4027 pectoribus,
567 3962 641 4007 cum
663 3943 753 4007 tento
776 3941 900 4006 concita
923 3960 1028 4021 nervo,

205 4050 288 4116 sicut
311 4051 402 4114 erant
425 4049 533 4127 iuncti,
555 4049 682 4114 traiecit
703 4051 877 4129 utrumque
902 4048 1030 4130 sagitta.

111 4162 167 4219 245
203 4155 395 4238 Ingemuere
420 4155 524 4232 simul,
548 4155 644 4219 simul
666 4154 833 4219 incurvata
857 4153 962 4218 dolore

202 4262 347 4326 membra
370 4262 435 4327 solo
458 4279 600 4344 posuere,
624 4261 720 4326 simul
743 4277 892 4344 suprema
914 4260 1054 4326 iacentes

1246 964 1255 988 J

1240 1023 1247 1037 ο
