2858 4710
107 282 171 339 210
535 269 657 325 Cerastae
675 272 702 323 et
720 269 895 339 Propoetides.

284 432 373 496 Talia
397 432 473 496 dum
495 449 569 496 vero
592 432 810 495 memorantur
831 429 986 513 Apollinis
1009 447 1071 507 ore,

107 547 161 602 910
198 557 269 603 ecce
293 557 394 616 cruor,
418 538 473 620 qui
495 537 586 602 fusus
608 538 706 601 humo
730 537 911 618 signaverat
933 537 1056 613 herbas,

195 644 311 709 desinit
334 663 403 709 esse
427 663 527 721 cruor,
550 644 706 727 Tyrioque
728 644 880 708 nitentior
903 645 988 708 ostro

159 808 160 812 ,
194 751 253 815 fios
277 751 376 815 oritur
398 749 597 832 formamque
622 750 707 834 capit
730 768 827 832 quam
849 750 924 828 lilia,
948 750 976 814 si
997 768 1061 814 non

194 875 373 941 purpureus
398 857 481 921 color
503 856 562 934 his,
586 858 756 938 argenteus
780 858 865 921 esset
886 857 920 920 in
942 857 1015 920 lffls.

284 963 356 1028 Non
380 963 457 1027 satis
480 963 540 1027 hoc
562 962 689 1027 Phoebo
713 964 763 1027 est
786 962 825 1046 (is
849 963 934 1028 enim
956 961 1018 1026 fuit
1041 964 1151 1028 auctor
1172 963 1332 1048 honoris):

107 1079 160 1135 915
196 1072 263 1154 ipse
287 1089 361 1134 suos
385 1070 524 1152 gemitus
547 1068 631 1134 foliis
654 1070 807 1148 inscribit,
829 1071 863 1134 et
884 1069 930 1134 AI
952 1069 997 1134 AI

196 1177 255 1242 fios
277 1177 375 1242 habet
397 1177 597 1260 inscriptum,
619 1176 811 1258 funestaque
834 1176 943 1240 littera
966 1175 1062 1241 ducta
1085 1178 1142 1241 est.

195 1284 264 1350 Nec
286 1284 434 1366 genuisse
456 1283 556 1367 pudet
581 1283 717 1367 Sparten
740 1283 953 1366 Hyacinthon,
975 1283 1138 1365 honorque

196 1391 292 1456 durat
314 1391 348 1455 in
370 1391 431 1455 hoc
454 1391 532 1469 aevi,
556 1391 806 1472 celebrandaque
829 1409 917 1455 more
938 1390 1082 1473 priorum

198 1515 305 1562 annua
326 1497 471 1581 praelata
493 1496 628 1562 redeunt
650 1496 845 1580 Hyacinthia
867 1515 991 1580 pompa.

819 1797 867 1861 59.
892 1795 1044 1862 Cerastae
1066 1801 1096 1862 ct
1118 1795 1330 1879 Propoetides.

107 1930 162 1985 990
287 1923 331 1986 At
353 1922 381 1986 si
404 1920 485 1987 forte
508 1941 600 2006 roges
623 1921 791 1987 fecundam
814 1922 1015 1988 Amathunta
1035 1923 1183 2001 metallis,

199 2047 241 2094 an
263 2029 410 2111 genuisse
433 2029 512 2094 velit
534 2028 749 2112 Propoetidas,
773 2028 892 2094 abnuet
915 2046 1015 2110 aeque

198 2137 294 2217 atque
317 2135 398 2213 illos,
420 2136 546 2218 gemino
570 2135 730 2217 quondam
755 2136 869 2217 quibus
894 2153 1006 2218 aspera
1029 2153 1127 2201 comu

197 2240 284 2306 frons
309 2243 395 2306 erat:
418 2242 502 2307 unde
526 2242 624 2308 etiam
646 2261 763 2307 nomen
784 2245 909 2307 traxere
933 2241 1094 2308 Cerastae.

197 2350 281 2413 Ante
304 2347 388 2412 fores
410 2348 525 2413 horum
548 2349 656 2414 stabat
677 2349 762 2414 Iouis
785 2349 928 2432 Hospitis
953 2367 1026 2423 ara;

108 2461 162 2517 995
199 2455 330 2536 ignams
353 2454 481 2520 sceleris
506 2473 604 2536 qnam
627 2455 727 2537 siquis
752 2455 905 2537 sanguine
928 2455 1063 2521 tinctam

198 2560 320 2624 advena
342 2560 482 2637 vidisset,
505 2563 662 2626 mactatos
685 2560 828 2627 crederet
849 2561 915 2627 illic

198 2666 356 2731 lactantes
379 2667 496 2732 vitulos
519 2668 828 2750 Amathusiacasque
851 2668 1013 2733 bidentes:

197 2773 312 2857 hospes
337 2775 407 2838 erat
430 2792 550 2839 caesus.
597 2773 702 2839 Sacris
726 2772 845 2839 offensa
866 2773 1011 2840 nefandis

197 2880 268 2964 ipsa
291 2898 365 2945 suas
388 2879 482 2946 urbes
507 2880 724 2963 Ophiusiaque
748 2898 824 2945 arva
846 2881 980 2964 parabat

110 2996 164 3050 930
201 2986 345 3052 deserere
369 2986 454 3051 alma
475 2986 596 3051 Venus.
643 2986 729 3065 „Sed
751 2986 829 3070 quid
850 2987 920 3052 loca
943 2989 1043 3070 grata,
1068 2988 1144 3070 quid
1166 2991 1260 3056 urbes

197 3110 366 3178 peccavere
389 3096 502 3158 meae?
525 3091 641 3172 Quod“
665 3094 744 3159 dixit
766 3095 909 3172 „crimen
931 3095 965 3159 in
986 3095 1075 3160 illis?

196 3200 297 3264 Erilio
319 3218 455 3283 poenam
476 3199 582 3282 potius
606 3219 683 3283 gens
706 3200 804 3284 impia
826 3201 954 3284 pendat,

196 3305 248 3370 vel
269 3323 355 3383 nece,
378 3305 430 3370 vel
453 3305 558 3387 siquid
580 3305 722 3370 medium
745 3309 796 3371 est
817 3308 994 3389 mortisque
1017 3306 1183 3390 fugaeque.

196 3410 299 3496 quue
323 3411 399 3494 quid
423 3430 492 3478 esse
514 3414 629 3497 potest,
651 3413 713 3477 nisi
735 3432 846 3478 versae
868 3432 970 3498 poena
992 3413 1162 3496 figurael“

109 3525 163 3581 935
199 3518 286 3584 Dum
310 3518 444 3597 dubitat,
468 3538 529 3602 quo
553 3521 658 3585 mutet
681 3539 743 3598 eos,
768 3520 808 3585 ad
828 3539 948 3586 cornua
970 3521 1098 3586 vultum

200 3623 288 3689 flexit
311 3627 344 3690 et
367 3625 529 3690 admonita
552 3628 602 3691 est
624 3626 703 3692 haec
725 3626 790 3691 illis
812 3645 904 3710 posse
927 3627 1081 3711 relinqui:

198 3731 394 3814 grandiaque
417 3733 450 3797 in
472 3734 579 3798 torvos
602 3732 811 3798 transformat
832 3733 977 3799 membra
998 3734 1157 3800 iuvencos.

290 3837 373 3903 Sunt
394 3841 504 3905 tamen
527 3840 680 3905 obscenae
703 3839 862 3906 Venerem
884 3839 1088 3925 Propoetides
1112 3859 1207 3907 ausae

199 3963 268 4009 csse
291 3963 408 4027 negare
432 3945 533 4012 deam.
577 3945 640 4011 Pro
664 3964 726 4028 quo
749 3965 816 4024 sua,
838 3947 979 4011 numinis
1002 3948 1058 4026 ira,

109 4058 163 4114 940
200 4068 331 4134 corpora
353 4070 427 4133 qum
448 4050 551 4117 forma
572 4053 694 4137 primae
717 4053 865 4136 vulgasse
888 4052 1051 4119 femntur:

199 4159 299 4239 utque
322 4157 424 4241 pudor
446 4159 543 4224 cessit
565 4159 759 4242 sanguisque
781 4159 926 4224 induruit
948 4161 1020 4239 oris,

193 4264 229 4326 in
251 4263 392 4346 rigidum
413 4281 513 4349 parvo
536 4265 657 4331 silicem
681 4266 860 4331 discrimine
883 4285 1002 4333 versae.
