2858 4710
210 323 272 382 178
661 309 844 380 Erysichthon.
879 309 979 366 Fames.

294 471 446 558 pestifera
468 473 607 541 lacerare
629 471 736 536 Fame.
781 470 870 551 Quae
894 473 1052 554 quatenus
1072 471 1135 556 ipsi

209 588 261 644 785
296 599 361 644 non
384 578 529 644 adeunda
552 577 629 644 deae
652 575 702 642 est
724 578 839 663 (neque
863 577 948 643 enim
970 576 1179 660 Cereremque
1202 577 1412 664 Famemque

294 685 364 757 fata
385 684 468 752 coire
490 683 621 772 sinunt),
643 684 788 750 montani
808 683 949 758 numinis
971 702 1070 749 unam

294 793 414 860 talibus
437 792 595 875 agrestem
617 791 788 875 compellat
809 790 924 856 oreada
947 790 1056 855 dictis:

385 898 468 977 „Est
489 898 577 963 locus
601 898 749 962 extremis
773 896 922 980 Scythiae
945 896 1087 979 glacialia
1108 896 1143 961 in
1163 887 1237 977 oria,

296 1005 389 1070 triste
413 1005 525 1083 solum,
547 999 674 1082 sterilis,
698 1005 765 1069 sine
787 1002 887 1084 fruge,
910 1003 978 1070 sine
1002 1005 1112 1069 arbore
1134 1005 1249 1081 tellus;

208 1121 261 1177 790
296 1111 410 1195 Frigus
433 1111 518 1176 iners
540 1110 607 1176 illie
628 1109 777 1176 habitant
797 1109 966 1194 Pallorque
989 1111 1183 1193 tremorque

298 1221 332 1284 et
352 1218 458 1284 ieiuna
479 1217 602 1285 Fames.
647 1217 696 1282 Ea
718 1235 752 1282 se
774 1217 808 1280 in
830 1217 1013 1301 praecordia
1036 1216 1151 1308 condat

299 1325 444 1408 sacrilegi
467 1325 621 1389 scelerata
642 1323 732 1399 iube;
754 1342 814 1388 neo
837 1324 926 1408 copia
947 1342 1056 1388 rerum

298 1432 405 1497 vincat
427 1449 507 1508 eam,
530 1431 722 1514 superetque
743 1448 831 1495 meas
855 1430 1028 1495 certamine
1051 1430 1143 1496 vires.

299 1537 387 1603 Neve
410 1537 479 1601 viae
503 1537 643 1620 spatium
665 1537 697 1601 te
720 1537 848 1614 terreat
872 1536 1123 1621 accipendum,

210 1649 264 1706 ‘lab
298 1642 405 1732 accipe
428 1661 508 1725 quos
530 1641 629 1707 frenis
653 1643 717 1707 alte
739 1642 901 1707 moderere
925 1642 1104 1709 dracones.“

346 1780 347 1783 ι
390 1749 432 1814 Et
455 1748 551 1814 dedit.
595 1748 657 1816 Ille
679 1748 753 1813 dato
777 1748 927 1814 subvecta
948 1767 1004 1832 per
1027 1753 1102 1814 adra
1124 1768 1220 1815 amru

299 1855 428 1924 devenit
449 1856 483 1920 in
507 1841 672 1939 Scythiam
692 1855 850 1938 rigidique
873 1855 1035 1921 cacumine
1056 1855 1175 1922 montis

301 1961 480 2048 (Caucason
503 1962 679 2047 appellant)
703 1965 887 2046 serpentum
910 1963 991 2028 colla
1012 1962 1140 2042 levarit,

299 2070 545 2154 quaesitamque
568 2069 701 2135 Famem
722 2069 865 2153 lapidoso
887 2068 967 2134 vidit
988 2069 1022 2133 in
1044 2087 1120 2152 agro

212 2184 267 2242 000
302 2176 463 2260 unguibus
486 2178 520 2241 et
541 2194 630 2242 raras
652 2176 825 2242 vellentem
846 2176 995 2242 dentibus
1016 2175 1140 2241 herbas.

302 2283 416 2350 Hirtus
440 2283 509 2348 orat
532 2283 636 2360 orinia
659 2301 737 2348 aava
758 2282 890 2360 lumina,
911 2284 1014 2366 pallor
1034 2283 1069 2346 in
1091 2301 1153 2361 ore,

301 2390 392 2455 labra
413 2389 528 2454 incana
550 2389 624 2466 situ,
647 2390 776 2454 scabrae
799 2387 943 2471 rubigine
966 2388 1082 2467 lauces,

303 2495 384 2560 dura
405 2495 498 2572 eutis,
518 2513 575 2577 per
598 2512 695 2577 quam
718 2495 855 2578 spectari
876 2495 998 2561 viscera
1019 2497 1167 2581 possent;

305 2617 378 2666 ossa
401 2601 460 2666 sub
482 2601 622 2667 incurris
645 2602 813 2666 exstabant
835 2602 923 2667 arida
945 2602 1072 2681 lumbis,

214 2715 268 2774 005
305 2707 425 2774 ventris
449 2709 518 2773 erat
538 2726 595 2791 pro
617 2709 727 2774 ventre
750 2709 847 2787 locus,
869 2708 1004 2792 pendere
1027 2710 1159 2793 putares

306 2816 417 2899 pectus
441 2817 474 2880 et
498 2814 648 2899 aspinae
671 2815 891 2881 tantummodo
915 2817 1001 2881 orate
1024 2816 1135 2881 teneri.

304 2922 445 2989 Auxerat
467 2921 617 2987 articulos
639 2922 766 3000 macies,
789 2941 993 3005 genuumque
1016 2923 1163 2988 tumebat

305 3028 398 3106 orbis,
422 3030 455 3093 et
475 3028 631 3093 inmodico
653 3029 822 3112 prodibant
843 3029 954 3095 tubere
977 3030 1044 3094 tali.

304 3134 398 3202 Hauc
420 3134 530 3225 procul
552 3136 589 3198 nt
610 3133 690 3199 vidit
712 3170 756 3183 -
777 3153 881 3218 neque
905 3136 989 3201 enim
1012 3137 1062 3201 est
1084 3135 1232 3203 accedere
1254 3139 1350 3211 iuxta

216 3251 270 3307 810
305 3258 385 3305 ausa
408 3277 461 3319 -,
481 3239 580 3305 refert
600 3241 753 3305 mandata
775 3241 871 3306 deae:
893 3243 1089 3327 paulumque
1111 3244 1245 3323 morata,
1280 3235 1281 3238 '

306 3363 503 3430 quamquam
525 3346 635 3412 aberat
656 3348 758 3430 longe,
782 3366 977 3433 quamquam
998 3349 1091 3415 modo
1113 3352 1246 3416 venerat
1267 3352 1358 3433 illuc,

305 3453 376 3521 risa
397 3455 506 3518 tamen
529 3452 664 3519 sensisse
687 3452 806 3519 famem
826 3456 977 3538 retroque
1001 3455 1152 3520 dracones

305 3560 373 3644 ogit
394 3560 428 3625 in
449 3559 667 3652 Haemoniam,
689 3560 789 3627 versis
813 3560 957 3628 sublimia
979 3562 1120 3628 habenis.

396 3652 626 3760 Dicta3,2b¹ames
649 3666 783 3747 Cereris,
807 3668 951 3752 quamvis
975 3669 1132 3734 corbaria
1155 3687 1283 3754 semper

219 3783 273 3839 815
308 3775 394 3840 illius
417 3775 584 3865 estepani,
606 3775 739 3859 peragit.
783 3774 908 3858 Perque
931 3777 1006 3840 abra
1028 3777 1121 3842 vento

310 3882 351 3947 ad
372 3882 494 3952 iussam
515 3881 624 3954 delata
645 3880 775 3951 domum
798 3883 847 3947 est
870 3883 903 3947 et
924 3882 1069 3964 protinus
1091 3881 1191 3947 intrat

305 3989 455 4074 sacmlegi
477 3988 646 4070 thalamos,
669 3989 797 4072 altoque
821 4007 930 4074 sopore
954 3989 1096 4054 solutum

308 4094 425 4181 (noodr
447 4094 533 4168 enim
555 4095 701 4181 ternpus)
721 4094 854 4179 geminis
878 4095 1082 4179 amplectitur
1103 4094 1206 4163 ulnis:

310 4219 407 4284 seque
430 4201 497 4273 siro
519 4201 654 4286 inspirat
675 4201 847 4284 faucesque
870 4203 903 4267 et
924 4205 1037 4287 pectus
1061 4204 1093 4268 et
1116 4221 1172 4268 ora

221 4317 275 4372 820
312 4307 410 4376 addet
432 4310 466 4380 et
488 4308 521 4380 ln
543 4309 651 4376 seems
675 4309 797 4396 spargit
818 4310 937 4375 ieiunia
958 4310 1055 4376 vanis.
