2858 4710
103 247 165 311 13ss
663 239 757 293 Aeson.

194 399 422 480 custodemque
445 399 558 465 rudem
583 401 686 463 somni
709 400 837 483 sopistis
861 402 894 464 et
917 419 1032 464 aurum

192 506 314 570 vindice
337 506 469 588 decepto
494 505 607 570 Graias
631 505 763 569 misistis
787 507 820 569 in
844 507 948 570 urbes.

102 620 155 676 215
192 613 285 678 Nunc
308 631 387 694 opus
411 615 461 677 est
484 612 577 687 sucis,
600 631 657 694 per
681 630 759 692 quos
783 615 937 676 renovata
960 615 1108 678 senectus

194 719 227 783 in
250 718 362 783 florem
384 719 495 783 redeat
518 718 699 800 primosque
723 719 899 801 reconligat
922 738 1030 783 annos.

193 826 235 890 Et
259 824 384 892 dabitis.
430 824 542 904 Neque
566 825 651 888 enim
674 823 855 889 micuerunt
879 825 982 889 sidera
1005 825 1136 904 frustra,

192 951 251 998 nec
273 930 396 994 frustra
418 930 585 995 volucrum
607 931 731 996 tractus
755 933 874 996 cervice
898 932 1072 996 draconum

195 1056 307 1102 currus
331 1024 439 1100 adest?
488 1037 608 1102 Aderat
632 1037 790 1105 demissus
814 1039 854 1102 ab
878 1038 1006 1102 aethere
1031 1058 1155 1104 currus

105 1154 159 1209 222
284 1142 353 1223 Quo
378 1144 475 1209 simul
497 1144 662 1209 adscendit
684 1144 873 1226 frenataque
897 1145 978 1209 22112
1001 1145 1180 1212 draconum

194 1251 363 1335 permulsit
385 1251 597 1334 manibusque
620 1253 706 1317 leves
731 1251 865 1333 agitavit
888 1252 1039 1328 habenas,

197 1359 341 1424 sublimis
364 1359 488 1441 rapitur
512 1359 718 1439 subiectaque
742 1358 897 1422 Thessala
919 1359 1036 1440 Tempe

199 1466 332 1549 despicit
354 1467 387 1530 21
410 1466 545 1529 Threces
568 1465 749 1546 regionibus
773 1464 913 1547 applicat
935 1483 1073 1546 angues:

198 1575 230 1638 et
254 1590 333 1654 quas
358 1571 440 1637 Ossa
462 1573 547 1648 tulit,
572 1589 651 1653 2222
675 1573 779 1636 altum
800 1571 912 1636 Pelion
934 1571 1059 1647 herhas,

108 1686 160 1745 225
199 1678 384 1762 Othrysque
406 1679 591 1760 Pindusque
616 1681 649 1743 21
670 1678 771 1742 Pindo
794 1678 895 1742 maior
919 1676 1075 1760 Olympus

196 1786 355 1869 perspicit,
379 1787 411 1850 21
433 1786 567 1868 placitas
590 1786 709 1868 partim
731 1785 837 1849 radice
860 1784 995 1862 revellit,

199 1893 317 1976 partim
340 1893 476 1957 succidit
499 1892 681 1958 curvamine
705 1891 795 1957 121212
820 1896 927 1956 aenae.

197 2000 302 2063 Multa
326 2018 450 2080 quoque
473 1999 609 2082 Apidani
631 1999 822 2082 placuerunt
845 1999 990 2080 gramina
1012 1999 1098 2082 ripis,

199 2108 303 2171 multa
327 2125 452 2187 quoque
475 2106 656 2188 Amphrysi,
677 2124 782 2187 neque
806 2123 877 2170 2222
900 2106 1051 2184 inmunis,
1074 2106 1219 2190 Enipeu3

112 2221 165 2277 232
202 2233 261 2278 222
282 2231 346 2276 222
368 2212 504 2289 Penius,
526 2231 671 2277 necnon
695 2208 905 2295 Spercheides
928 2211 1032 2276 undae

201 2320 399 2384 contribuere
424 2318 545 2399 aliquid
567 2318 761 2399 iuncosaque
785 2317 880 2382 litora
902 2318 1034 2383 Boebes.

200 2425 329 2509 Carpsit
352 2426 385 2490 21
407 2424 548 2489 Euboica
570 2424 662 2489 vivax
683 2425 872 2489 Anthedone
896 2444 1036 2507 2222222,

201 2532 345 2596 nondum
366 2533 492 2594 mutato
515 2531 685 2611 vulgatum
708 2549 835 2612 corpore
860 2530 983 2595 Glauci.

200 2640 242 2702 Et
265 2639 330 2702 iam
352 2633 438 2702 2222
460 2637 526 2701 dies
550 2656 646 2701 curru
668 2637 844 2719 pennisque
868 2637 1043 2701 draconum

111 2753 164 2810 235
200 2763 347 2826 2222222
369 2762 431 2808 nox
454 2762 563 2808 omnes
586 2743 780 2807 lustrantem
803 2743 926 2808 viderat
950 2762 1053 2825 agros,

201 2870 275 2916 cam
298 2851 400 2916 rediit.
445 2850 557 2932 Neque
582 2851 673 2914 erant
696 2849 783 2925 12211,
805 2849 868 2914 2121
891 2849 994 2928 21222,
1019 2850 1182 2929 dracones,

202 2961 234 3023 et
257 2961 366 3023 tamen
389 2976 527 3022 annosae
549 2957 666 3039 pellem
689 2975 821 3039 posuere
846 2959 1000 3022 senectae.

291 3064 444 3131 Constitit
467 3064 638 3128 adveniens
662 3064 742 3127 citra
764 3063 927 3144 limenque
949 3063 1098 3145 foresque

203 3173 235 3236 21
258 3174 386 3235 tanturn
409 3171 495 3234 caelo
518 3170 638 3251 tegitur
660 3169 843 3250 refugitque
867 3170 973 3234 viriles

112 3287 166 3341 240
203 3279 370 3342 222122122
395 3275 573 3356 statuitque
597 3293 669 3338 aras
694 3293 710 3338 e
734 3276 872 3358 caespite
895 3276 996 3353 binas,

204 3384 377 3448 dexteriore
400 3381 547 3458 Hecates,
571 3383 622 3445 ast
644 3381 735 3445 12222
757 3384 850 3464 parte
872 3382 1036 3447 12222122.

201 3489 269 3553 Η22
293 3489 348 3553 211
370 3488 514 3553 verbenis
538 3487 681 3570 silvaque
703 3489 835 3553 incinxit
858 3490 986 3571 agresti,

202 3595 289 3660 haud
311 3596 420 3678 procul
444 3597 554 3677 egesta
577 3596 739 3659 scrobibus
763 3596 878 3659 tellure
902 3595 1026 3660 duabus

204 3720 294 3766 sacra
317 3701 395 3766 facit
417 3702 600 3783 cultrosque
623 3702 656 3765 in
680 3704 813 3783 guttura
835 3702 962 3765 velleris
986 3701 1049 3765 atri
1120 3773 1124 3780 .

114 3817 167 3873 245
205 3809 319 3873 2221211
342 3811 374 3872 21
396 3809 523 3891 patulas
546 3808 710 3891 perfundit
732 3807 886 3889 sangnine
910 3807 1021 3871 fossas.

205 3917 286 3979 Tum
310 3934 405 3998 super
427 3915 595 3996 invergens
618 3914 731 3996 liquidi
755 3896 917 3978 carchesia
940 3915 1006 3978 2121
1034 3921 1037 3928 ’

205 4023 370 4102 211222222
392 4023 561 4104 invergens
584 4021 683 4104 tepidi
706 4020 867 4084 carehesia
890 4021 983 4084 lactis

204 4129 300 4192 verba
323 4129 419 4192 simul
442 4128 526 4192 fudit
548 4130 739 4207 terrenaque
762 4126 895 4189 numina
919 4127 1003 4203 civit,

204 4236 456 4316 umbrarumque
479 4236 573 4316 roget
595 4235 688 4316 rapta
711 4250 785 4296 cum
808 4232 940 4315 coniuge
964 4250 1083 4315 regem,
