2858 4710
519 284 576 339 Lib.
594 285 641 353 IX,
658 303 683 340 5.
702 285 851 341 460-533.

166 449 208 513 Di
229 447 360 512 melius!
384 482 426 493 —
452 445 484 510 di
505 464 619 530 nempe
643 465 718 511 suas
740 447 879 511 habuere
903 465 1033 512 5050555.

169 554 221 621 Sic
245 553 402 619 Saturnus
426 551 527 636 Opem
549 553 691 617 iunctam
714 553 774 618 sibi
797 554 950 635 sauguine
973 554 1072 633 duxit,

168 660 312 726 Oceanus
335 660 469 743 Tethyn,
490 658 648 724 Iunonem
668 660 773 724 rector
795 659 931 744 Olympi.

77 777 133 833 500
169 766 252 833 Sunt
275 767 396 850 superis
420 785 479 830 sua
501 767 581 830 iura.
627 764 710 845 Quid
734 767 774 831 ad
797 767 947 832 caelestia
968 768 1050 832 ritus

169 875 290 955 exigere
313 873 470 937 humanos
493 873 680 954 diversaque
704 873 831 938 fcedera
852 875 998 957 tempto?

167 982 234 1046 Aut
255 981 364 1045 nostro
385 979 506 1044 vetitus
529 979 568 1044 de
592 980 684 1045 corde
707 978 871 1062 fugabitur
894 981 995 1059 ardor,

170 1089 226 1152 aut
247 1087 307 1151 hoc
329 1086 357 1150 51
378 1105 510 1168 nequeo,
531 1104 669 1170 peream,
692 1105 810 1169 precor,
833 1089 907 1152 ante
929 1089 1062 1170 toroque

168 1194 295 1257 mcrtua
317 1210 494 1275 componat,
516 1192 701 1275 positaeque
725 1193 779 1257 det
802 1193 909 1258 050515
931 1193 1038 1258 155105.
1060 1228 1105 1239 -

80 1308 134 1365 505
169 1300 212 1364 Ε1
233 1302 342 1365 tamen
366 1299 534 1364 arbitrium
557 1299 682 1380 quaerit
703 1317 755 1363 res
778 1299 841 1363 1515
863 1298 1008 1364 duorum.

169 1407 267 1489 Finge
288 1408 412 1490 0150550
435 1407 531 1471 mihi:
555 1407 659 1470 scelus
682 1424 751 1470 esse
774 1406 931 1471 videbitur
953 1407 1008 1471 1111.

169 1516 212 1578 At
233 1533 296 1578 ncn
318 1512 468 1578 Aeolidae
492 1513 651 1578 thalamos
674 1513 809 1578 timuere
832 1531 986 1578 scrcmm.

169 1619 261 1685 Unde
285 1618 341 1684 sed
362 1620 421 1684 hcs
443 1620 539 1684 novi?
585 1619 650 1685 Gur
670 1620 750 1685 15550
773 1620 915 1704 exempla
937 1619 1070 1703 paravi?

171 1726 240 1806 Quo
263 1724 368 1791 feror?
415 1725 577 1791 Obscenae
600 1726 711 1809 procul
732 1727 807 1791 hinc
830 1725 979 1791 discedite
1002 1724 1160 1803 flammae,

83 1841 135 1898 510
170 1853 238 1912 nec,
259 1833 322 1898 nisi
345 1852 409 1916 qua
431 1832 480 1897 155
504 1834 554 1897 551
576 1850 754 1914 germanae,
776 1832 876 1896 frater
899 1835 1032 1898 ametur.
1054 1868 1099 1879 -

172 1941 207 2007 Si
228 1943 339 2006 tamen
361 1940 428 2023 1055
450 1957 521 2004 mec
544 1940 656 2022 050105
679 1938 765 2021 05105
787 1939 872 2002 55501
895 1957 1010 2017 amore,

170 2047 304 2113 forsitan
325 2047 412 2111 illius
434 2065 562 2130 possem
584 2045 748 2127 indulgere
771 2043 879 2109 furori.

170 2155 254 2237 Ergo
277 2171 344 2236 ego,
367 2170 448 2234 quae
470 2151 594 2216 fueram
615 2170 680 2215 non
701 2151 857 2216 reiectura
878 2153 1050 2235 petentem,

170 2261 241 2345 ipsa
262 2263 380 2344 petam.
424 2258 587 2323 Poterisne
610 2258 721 2340 loqui?
743 2259 902 2342 poterisne
924 2256 1041 2322 fateri?

85 2377 136 2432 515
172 2367 272 2449 Coget
295 2385 391 2444 555505,
413 2368 539 2449 potero:
563 2366 623 2444 551,
646 2366 674 2430 51
696 2365 797 2449 pudor
820 2384 875 2431 055
897 2365 1026 2443 tenebit,

172 2474 280 2538 littera
303 2473 421 2537 celatos
445 2490 561 2537 arcana
584 2472 736 2537 fatebitur
758 2463 865 2555 ignea'

259 2579 330 2644 Hcc
352 2580 465 2662 placet,
486 2580 567 2644 15500
590 2579 720 2645 dubiam
742 2580 818 2645 vicit
841 2580 1001 2645 sententia
1022 2581 1172 2645 mentem.

172 2687 211 2751 In
232 2687 318 2751 latus
342 2686 483 2768 erigitur,
506 2687 675 2769 cubitoque
698 2687 805 2751 innixa
829 2687 957 2752 sinistro

170 2781 315 2858 ‘viderim
338 2780 479 2857 15555505>
505 2791 609 2874 inquit
628 2780 801 2858 ‘fateamur
824 2812 956 2858 amores.

88 2908 139 2964 520
173 2900 212 2964 Ei
233 2899 329 2964 mihi!
354 2918 416 2982 quc
439 2899 550 2963 labor?
574 2917 670 2980 quem
691 2917 782 2963 mens
805 2918 877 2964 mea
900 2899 1037 2983 concipit
1058 2886 1214 2981 ignem?',

175 3009 208 3072 et
228 3007 385 3071 meditata
407 3025 506 3071 manu
530 3006 688 3088 componit
709 3007 805 3070 rerba
827 3007 995 3071 trementi:

176 3112 285 3178 dextra
307 3115 396 3179 tenet
418 3112 547 3190 ferrum,
571 3131 705 3178 vacuam
727 3114 816 3177 tenet
839 3113 940 3177 511555
963 3131 1077 3178 ceram.

175 3219 290 3304 Incipit
313 3222 345 3286 et
368 3219 502 3298 dubitat,
525 3219 634 3284 scribit
657 3219 851 3302 damnatque
873 3220 1018 3299 tabellas,

177 3329 209 3391 et
230 3329 322 3392 notat
345 3329 378 3392 01
401 3326 495 3404 delet,
516 3329 624 3391 mutat
647 3327 818 3410 culpatque
841 3327 1026 3410 probatque,

93 3437 144 3492 525
177 3433 272 3517 inque
296 3433 398 3498 vicem
421 3435 567 3516 sumptas
589 3433 679 3516 005511
700 3433 885 3517 positasque
908 3433 1053 3498 resumit.

178 3540 261 3621 Quid
283 3542 370 3619 50111,
392 3541 534 3622 ignorat;
558 3538 711 3621 quidquid
734 3539 859 3605 1501555
882 3540 1016 3618 videtur,

178 3648 331 3732 displicet.
375 3648 415 3712 In
438 3649 531 3714 555115
554 3649 604 3711 551
626 3646 759 3711 audacia
780 3647 881 3712 mixta
903 3647 1025 3730 pudori.

179 3754 303 3839 Scripta
323 3743 437 3820 ‘soror’
463 3754 584 3819 fuerat:
608 3754 712 3818 visum
736 3756 785 3819 051
808 3754 912 3819 delere
935 3771 1076 3818 sororem

176 3863 335 3944 verbaque
360 3862 508 3928 correctis
531 3860 668 3926 incidere
690 3860 769 3925 15115
792 3860 889 3925 ceris:

94 3970 144 4028 530
263 3957 391 4049 ‘Quam
413 3969 475 4032 nisi
497 3970 534 4032 tu
557 3967 689 4044 dederis,
711 3986 775 4031 ncn
798 3967 848 4031 551
869 3966 1019 4030 habitura
1042 3966 1195 4045 salutem,

177 4077 260 4141 hanc
282 4076 342 4140 tibi
363 4075 465 4139 mittit
488 4093 617 4139 amans:
640 4073 748 4157 pudet,
771 4074 806 4138 a!
829 4072 929 4156 pudet
952 4072 1043 4138 edere
1065 4093 1198 4140 nomen„

177 4182 220 4248 Et
243 4183 279 4260 si,
303 4182 378 4264 quid
401 4182 535 4265 cupiam,
559 4181 694 4263 quaeris,
717 4180 785 4245 sine
806 4181 933 4245 nomine
956 4180 1074 4246 vellem

178 4290 286 4373 posset
309 4288 361 4371 agi
383 4307 455 4354 mea
478 4306 575 4352 causa
596 4306 677 4366 meo,
699 4305 758 4352 nec
781 4286 907 4369 cognita
928 4287 1040 4371 Byblis
