2858 4710
126 264 191 322 216
675 212 793 325 Myrrha.

215 417 386 495 Hactenus,
411 420 443 481 et
466 418 595 499 gemuit.
642 416 769 482 Gelidos
792 417 925 480 nutricis
948 417 980 480 in
1005 380 1093 482 artus

216 541 350 605 ossaque
374 523 487 605 (sensit
511 523 606 606 enim)
629 525 776 606 penetrat
799 526 927 601 tremor,
951 525 1084 605 albaque
1107 527 1174 590 toto

127 637 178 692 425
215 630 331 694 1011100
355 631 486 694 canities
509 630 618 712 rigidis
643 631 733 694 stetit
755 630 841 695 hirta
865 631 995 712 capillis.

215 736 391 817 Multaque,
414 738 451 799 ut
475 738 636 801 excuteret
659 736 751 813 diros,
776 736 802 799 si
825 738 941 818 posset,
965 755 1097 816 amores,

216 841 353 906 addidit:
379 845 413 906 at
435 843 522 924 virgo
546 843 606 906 scit
630 861 663 907 se
686 862 750 907 non
772 843 853 906 falsa
875 845 1006 921 moneri,

218 950 304 1013 certa
327 949 407 1013 mori
431 951 537 1013 tamen
563 950 621 1026 est,
645 949 672 1012 si
695 967 759 1012 non
781 949 923 1031 potiatur
947 969 1062 1016 amore.

221 1055 357 1134 ,‚Vive“,
381 1056 527 1120 atthaeo
551 1056 694 1138 „potiere
717 1059 796 1119 tuo“
820 1090 864 1100 -
891 1058 931 1133 01,
953 1075 1017 1120 non
1041 1075 1118 1120 ausa
1141 1059 1295 1140 „parente
1304 1064 1320 1094 ‘⁶

124 1169 181 1224 430
217 1161 329 1239 dicere,
353 1162 504 1226 conticuit
526 1164 745 1244 promissaque
768 1164 897 1227 numine
920 1163 1036 1226 firmat.

305 1269 401 1333 Festa
423 1269 494 1352 piae
519 1268 641 1334 Cereris
665 1270 866 1333 celebrabant
890 1287 995 1332 annua
1017 1271 1137 1334 matres

215 1375 280 1453 illa,
305 1376 420 1456 quibus
443 1376 535 1440 nivea
558 1377 681 1440 velatae
706 1394 836 1458 corpora
859 1377 946 1440 reste

217 1483 374 1564 primitias
397 1482 526 1564 frugum
549 1481 626 1545 dant
650 1483 755 1565 spicea
778 1485 863 1546 serta
887 1501 1018 1546 suarum

215 1606 334 1670 perque
357 1607 471 1652 norem
493 1590 601 1652 noctes
624 1606 772 1652 venerem
794 1589 963 1668 tactusque
986 1587 1092 1652 viriles

124 1701 180 1756 435
216 1695 250 1756 in
272 1694 380 1758 vetitis
402 1696 582 1759 numerant.
627 1694 733 1758 Turba
756 1693 927 1759 Cenchreis
951 1695 984 1757 in
1007 1695 1071 1772 illa,

218 1801 302 1883 regis
327 1800 417 1865 adest
440 1801 582 1878 coniunx,
608 1819 787 1882 arcanaque
812 1819 902 1865 sacra
924 1801 1072 1883 frequent
1093 1803 1115 1864 t.

217 1908 300 1990 Ergo
323 1908 466 1989 legitima
488 1926 607 1971 vacuus
632 1907 708 1971 dum
731 1908 864 1990 coniuge
887 1909 998 1984 lectus

218 2016 313 2078 nacta
336 2033 466 2096 gravem
488 2015 560 2078 rino
585 2013 736 2096 Cinyram
757 2015 841 2078 malo
866 2015 976 2079 sedula
999 2015 1129 2101 11111111,Ι

217 2121 344 2185 nomine
367 2121 501 2186 mentito
525 2140 615 2185 veros
640 2121 766 2204 exponit
790 2139 911 2186 amores

124 2235 182 2289 440
219 2229 251 2291 01
274 2227 387 2292 faciem
409 2227 529 2291 laudat.
575 2226 736 2307 Quaesitis
759 2228 890 2309 virginis
915 2228 1004 2291 annis

219 2340 323 2417 „par“
347 2335 392 2399 111
415 2336 487 2412 „est
502 2335 651 2417 Myrrhae
659 2339 684 2396 “.
716 2332 820 2413 Quam
842 2336 1012 2416 postquam
1029 2334 1184 2400 adducere
1199 2335 1287 2401 iussa
1303 2339 1354 2402 est

218 2442 318 2522 utque
342 2440 472 2504 domum
495 2440 598 2516 rediit,
621 2440 757 2522 „gaude
780 2446 875 2504 mea“
899 2440 977 2503 dixit
1001 2442 1174 2518 „alumnaz

218 2547 378 2611 vicimus.“
422 2545 537 2609 Infelix
559 2564 622 2609 non
645 2547 711 2609 toto
734 2547 860 2628 pectore
885 2547 983 2610 sent't

218 2653 376 2717 laetitiam
397 2652 494 2734 virgo,
516 2671 734 2735 praesagaque
757 2654 885 2734 pectora
908 2655 1071 2728 maerent3

125 2768 182 2823 445
219 2759 274 2824 sed
297 2762 405 2824 tamen
429 2761 461 2824 01
484 2758 619 2841 gaudet:
643 2761 736 2823 tanta
760 2761 809 2823 est
833 2759 988 2823 discordia
1010 2761 1136 2825 mentia.

307 2868 444 2950 Tempus
469 2868 545 2944 erat,
570 2885 632 2948 quo
655 2868 770 2930 cuncta
793 2866 896 2943 silent,
919 2867 1065 2948 interque
1089 2867 1207 2932 triones

218 2974 350 3038 flexerat
374 2974 499 3055 obliquo
522 2974 704 3055 plaustrum
726 2975 852 3037 temone
875 2972 1009 3037 Bootes:

220 3079 260 3143 ad
283 3080 406 3144 facinus
430 3080 517 3144 venit
539 3079 595 3143 illa
618 3099 722 3143 suum.
767 3080 864 3161 Fugit
888 3098 984 3144 aurea
1008 3080 1093 3144 caelo

218 3187 304 3263 luna,
327 3187 442 3267 tegunt
464 3186 573 3267 nigrae
597 3187 759 3251 latitantia
783 3186 886 3250 sidera
908 3187 1027 3250 nubes:

126 3300 183 3356 450
218 3311 280 3356 nor
304 3293 391 3356 caret
413 3292 486 3373 igne
510 3310 576 3355 suo.
621 3292 748 3355 Primus
772 3292 983 3374 tegislcare,
1006 3294 1115 3357 vultus

218 3398 418 3480 Erigoneque
441 3398 492 3481 pio
517 3400 643 3462 sacrata
665 3398 806 3480 parentis
831 3417 945 3463 amore.

220 3506 280 3569 Ter
302 3505 391 3588 pedis
416 3503 525 3568 offensi
549 3504 637 3586 signo
662 3507 711 3568 est
733 3507 887 3583 revocata,
910 3507 959 3569 ter
983 3524 1074 3570 omen

219 3611 368 3676 funereus
391 3612 474 3675 bubo
497 3611 586 3674 letali
610 3611 746 3675 carmine
770 3611 859 3676 iecit:

219 3719 246 3783 it
268 3721 386 3795 tamen,
410 3719 442 3782 01
464 3718 614 3782 tenebrae
638 3718 789 3782 minuunt
812 3737 935 3799 norque
960 3720 1029 3782 atra
1051 3718 1222 3801 pudorem3

126 3833 183 3888 455
220 3826 416 3907 nutricisque
439 3843 572 3889 manum
594 3825 686 3890 laeva
709 3827 806 3903 101101,
830 3827 931 3889 111111
953 3828 1044 3889 motu
1188 3816 1190 3821 ⁴

220 3951 350 3997 caecum
372 3933 434 3997 iter
457 3933 607 4015 explorat.
654 3932 799 3996 Thalami
821 3932 886 3995 iam
909 3931 1021 3995 limina
1043 3931 1156 4013 tangit,

219 4040 347 4122 iamque
370 4040 452 4104 fores
477 4040 587 4123 aperit,
610 4039 675 4102 iam
698 4039 825 4103 ducitur
847 4038 951 4102 intus:
976 4039 1080 4102 atilli

219 4147 339 4231 poplite
364 4147 514 4211 succiduo
538 4164 642 4228 genua
665 4146 867 4222 intremuere,
890 4144 1035 4227 fugitque

221 4257 253 4319 et
277 4254 360 4319 color
383 4257 415 4319 01
439 4255 578 4336 sanguis,
602 4254 789 4336 animusque
812 4254 965 4335 relinquit
987 4255 1125 4318 euntem.
