2858 4710
497 303 553 358 Lib.
571 302 629 370 VH,
648 320 672 357 v.
690 302 840 358 573-646.

54 473 113 528 610
151 464 253 546 deque
275 463 359 546 rogis
382 465 527 546 pugnant
550 464 723 546 alienisque
746 463 872 545 ignibus
896 459 1017 527 ardent.

152 571 215 652 Qui
236 571 411 648 laeriment,
435 571 568 647 desunt3
590 570 820 652 indefletaeque
843 572 1001 652 vagantur

150 678 354 760 matrumque
376 696 579 760 nuruumque
603 678 726 742 animae
749 677 962 758 iuvenumque
986 695 1179 759 senumque:

150 803 209 850 neo
231 785 318 850 loeus
341 785 375 848 in
397 785 546 863 tumulos,
568 802 627 849 nee
650 783 767 849 suffieit
790 784 883 848 arbor
904 784 938 847 in
960 783 1059 866 ignes·

239 892 403 956 Attonitus
426 892 517 955 tanto
539 891 729 956 miserarum
751 889 878 955 turbine
901 908 1017 968 rerum,

58 1006 114 1063 615
151 998 318 1082 „Iuppiter
340 999 398 1062 o!“
422 997 486 1061 diri
508 998 612 1076 „site
634 1016 698 1062 non
719 996 801 1062 falsa
823 997 999 1079 loquuntur

151 1105 237 1170 dieta
260 1105 319 1169 sub
343 1105 505 1188 amplexus
528 1104 667 1186 Aeginae
690 1103 844 1186 Asopidos
866 1103 939 1181 isse,

150 1230 209 1277 nee
232 1213 273 1289 te,
295 1229 409 1294 magne
432 1211 531 1294 pater,
553 1210 656 1274 nostri
677 1209 778 1292 pudet
800 1226 869 1274 esse
891 1211 1067 1292 parentem,
1189 1245 1193 1253 ·

151 1320 208 1384 aut
230 1318 309 1382 mihi
331 1317 426 1383 redde
448 1335 545 1395 meos,
568 1317 624 1381 aut
644 1335 697 1381 me
721 1334 845 1398 quoque
868 1315 966 1381 oonde
989 1316 1161 1402 sepuloro.“

150 1425 210 1492 Ille
232 1426 342 1491 notam
363 1424 485 1507 fulgore
509 1423 596 1488 dedit
618 1422 802 1505 tonitruque
826 1422 972 1488 seeundo.

60 1541 115 1597 620
152 1531 311 1615 „Accipio
335 1531 462 1613 sintque
485 1530 557 1608 ista,
579 1548 698 1614 precor,
721 1528 825 1595 ielioia
847 1530 963 1595 mentis

151 1639 242 1721 signa
264 1640 363 1703 tuae“
387 1637 458 1703 diri.
503 1635 616 1716 „Quod
639 1636 696 1701 das
718 1637 806 1714 mihi,
828 1636 975 1720 pigneror
998 1641 1116 1702 omen.“

239 1745 333 1810 Forte
355 1744 417 1809 fuit
437 1744 528 1808 iuxta
548 1743 667 1827 patulis
690 1743 853 1808 rarissima
874 1743 972 1808 ramis

151 1869 242 1917 saera
262 1850 330 1916 Iovi
353 1869 489 1933 querens
512 1850 551 1915 de
574 1850 693 1915 semine
715 1850 902 1915 Dodonaeo:

151 1958 204 2024 hie
226 1976 284 2023 nos
306 1956 478 2040 frugilegas
502 1957 704 2040 adspeximus
728 1956 853 2038 agmine
876 1957 969 2039 longo

62 2073 116 2129 aab
153 2065 272 2148 grande
296 2083 376 2130 onus
400 2064 510 2146 exiguo
532 2061 680 2128 formicas
703 2080 756 2128 ore
779 2064 925 2145 gerentes

152 2189 330 2254 rugosoque
354 2189 448 2236 suum
472 2171 634 2234 servantes
658 2169 773 2235 eortiee
796 2169 919 2234 eallem.

152 2277 239 2343 Dum
261 2296 431 2342 numerum
452 2277 558 2354 miror,
581 2275 746 2354 ‚,totidem,
768 2276 860 2359 pater
882 2274 1023 2358 optime“
1048 2275 1120 2354 dixi

153 2387 214 2464 „tu
235 2384 315 2449 mihi
337 2384 378 2449 da
400 2384 483 2449 eires
507 2385 540 2448 et
561 2383 669 2448 inania
690 2382 816 2448 moenia
838 2382 977 2466 supple.“

152 2490 325 2556 Intremuit
346 2489 508 2572 ramisque
531 2508 646 2554 sonum
668 2488 736 2554 sine
757 2488 886 2554 fiamine
909 2489 1004 2554 motis

63 2605 116 2662 630
148 2598 219 2662 alta
242 2596 329 2662 dedit
352 2614 496 2678 quereus.
540 2595 659 2661 Pavido
681 2595 761 2660 mihi
782 2596 927 2661 membra
949 2596 1063 2660 timore

153 2703 350 2781 horruerant,
374 2703 566 2784 stabantque
589 2720 707 2768 eomae.
752 2703 872 2768 Tamen
895 2702 1004 2767 osenla
1026 2704 1130 2768 terrae

152 2808 379 2891 roboribusque
403 2808 493 2884 dedi;
509 2822 574 2874 ¹neo
595 2827 648 2873 me
671 2827 798 2892 sperare
821 2808 963 2873 fatebar:

153 2916 320 3000 sperabam
342 2917 451 2981 tamen
474 2917 569 2996 atque
587 2914 698 2979 animo
720 2933 793 2980 mea
815 2916 889 2979 vota
911 2913 1066 2980 fovebam.

241 3022 311 3087 Nor
334 3022 430 3100 subit,
453 3023 487 3087 et
510 3022 594 3086 anns
617 3021 754 3086 exercita
777 3039 906 3105 eorpora
930 3039 1059 3085 somnus

66 3137 117 3194 635
154 3131 303 3213 ooeupat:
327 3130 402 3194 ante
424 3129 531 3194 oeulos
555 3127 666 3193 eadem
688 3128 768 3192 mihi
791 3146 927 3210 quereus
951 3127 1063 3193 adesse

154 3237 187 3301 et
207 3253 314 3300 ramos
337 3235 472 3300 totidem
494 3235 692 3317 totidemque
715 3234 866 3300 animalia
888 3234 987 3300 ramis

153 3341 235 3407 ferre
259 3341 326 3407 suis
347 3341 417 3406 visa
439 3343 490 3406 est
511 3342 693 3425 pariterque
715 3342 898 3433 tremisoere
922 3342 1013 3406 motu

153 3446 411 3531 graniferumque
434 3465 549 3530 agmen
571 3449 721 3514 subieotis
744 3467 892 3532 spargere
914 3448 948 3513 in
971 3449 1071 3524 arvis3

153 3573 292 3621 eresoere
316 3554 399 3637 quod
423 3554 528 3620 subito
552 3558 585 3619 et
606 3554 710 3620 maius
733 3556 900 3638 maiusque
923 3555 1024 3622 rideri

71 3667 119 3725 640
154 3680 192 3727 aa
215 3681 249 3728 se
272 3662 383 3727 tollere
405 3661 502 3725 humo
525 3662 675 3743 reotoque
699 3660 852 3728 adsistere
875 3664 989 3728 trunm

154 3769 187 3834 et
209 3767 344 3833 maeiem
366 3785 598 3849 numerumque
620 3766 739 3851 pedum
761 3768 952 3851 nigrumque
976 3768 1114 3833 oolorem

154 3891 271 3961 ponere
295 3875 328 3938 et
349 3873 525 3938 humanam
546 3872 698 3938 membris
720 3873 870 3939 induoere
892 3874 1037 3940 formam.

128 3964 293 4045 ‘Somnus
317 3978 399 4044 abit:
423 3979 538 4044 damno
560 3978 695 4061 vigilans
717 3997 790 4045 mea
812 3980 880 4044 visa
904 3998 1081 4063 querorque

155 4086 189 4150 in
210 4084 334 4170 superis
357 4084 424 4168 opis
447 4103 516 4150 esse
538 4085 627 4149 nihil.
671 4087 715 4150 At
737 4085 770 4150 in
793 4085 923 4150 aedibus
945 4086 1057 4169 ingens

75 4196 121 4253 645
155 4210 301 4258 murmur
325 4192 402 4268 erat,
424 4209 579 4273 vocesque
601 4191 767 4257 hominnm
789 4191 936 4257 exaudire
959 4193 1090 4259 uidebar

153 4298 218 4364 iam
239 4297 319 4363 mihi
341 4297 499 4362 desuetas.
543 4297 631 4362 Dum
654 4299 796 4384 suspieor
816 4299 877 4365 has
900 4319 1031 4383 quoque
1052 4303 1168 4365 samm
