2858 4710
559 296 615 350 no.
634 295 692 363 vn,
711 314 735 351 v.
755 297 904 352 roo-rra.

205 444 331 538 ‘lexque
355 455 465 520 eadem
487 475 615 539 poenae,
630 475 677 531 ‚ne
702 457 745 520 sis
769 475 881 522 secura
904 457 1013 536 futuri,

208 563 292 627 dicta
315 565 370 626 tuo
394 563 501 644 generi
524 563 666 644 serisque
689 564 857 646 nepotibus
881 567 958 628 esto.

206 668 284 732 Post
307 687 345 733 ea
367 667 532 732 discedens
556 668 641 732 sucis
662 669 856 734 Hecateidos
872 670 996 735 ‘herbae

118 784 171 838 140
191 776 341 858 ·sparsit;
366 777 399 839 et
422 774 581 857 extemplo
605 776 693 840 tristi
714 776 924 841 medicamine
948 778 1053 842 tactae

207 881 364 946 defluxere
388 899 505 957 comae,
528 900 602 945 cum
625 882 698 963 quis
721 884 755 946 ct
776 883 864 947 naris
888 886 921 947 et
944 902 1046 962 aures,

205 988 305 1069 fitque
329 990 426 1070 caput
448 987 626 1065 minimum,
649 990 717 1052 toto
742 1007 867 1070 quoque
891 1009 1020 1073 corpore
1043 1009 1142 1074 parva
1166 993 1230 1056 est:

207 1096 240 1158 in
263 1095 363 1158 latere
387 1094 482 1158 eriles
506 1093 597 1175 digiti
619 1113 676 1177 pro
699 1095 844 1159 cruribus
867 1096 1010 1174 haerent,

207 1204 313 1265 cetera
335 1202 446 1265 venter
468 1200 579 1265 habet:
604 1201 643 1266 de
668 1219 729 1282 quo
752 1205 862 1266 tamen
883 1203 940 1267 illa
962 1204 1100 1268 remitt't

116 1315 169 1371 145
207 1310 341 1384 stamen,
364 1309 397 1371 et
421 1307 569 1389 antiquas
594 1310 717 1372 exercet
741 1327 857 1372 aranea
880 1309 969 1373 telas.

1156 1400 1208 1463 31.
1231 1396 1342 1464 Nioba.

293 1501 395 1585 Lydia
418 1505 486 1566 tota
509 1501 625 1580 fremit,
647 1503 869 1586 Phrygiaeque
892 1522 949 1587 per
972 1503 1086 1587 oppida
1108 1503 1185 1570 facti

205 1628 313 1673 rumor
334 1609 362 1673 it
384 1611 416 1673 et
439 1627 593 1690 magnum
617 1610 814 1673 sermonibus
838 1611 972 1693 occupat
996 1611 1111 1675 orbem.

205 1717 289 1780 Ante
314 1734 387 1780 suos
410 1715 511 1779 Niobe
534 1715 693 1780 thalamos
717 1718 906 1798 cognoverat
928 1716 1027 1794 illam,

204 1824 275 1886 tum
299 1841 373 1886 curn
395 1821 574 1885 Maeoniam
596 1821 684 1903 virgo
709 1822 918 1906 Sipylumque
942 1823 1082 1898 colebat3

117 1935 168 1990 150
204 1945 263 1992 nec
285 1930 395 1991 tamen
418 1927 580 1991 admonita
603 1931 654 1991 est
675 1947 778 2011 poena
799 1929 961 2011 popularis
984 1930 1148 1994 Arachnes

206 2032 315 2097 cedere
339 2033 504 2098 caelitibus
528 2033 694 2114 verbisque
717 2034 891 2098 minoribus
915 2034 972 2098 uti.

204 2140 310 2203 Multa
333 2139 451 2203 dabant
474 2139 613 2203 animos:
638 2140 694 2204 sed
717 2140 802 2204 enirn
824 2159 884 2204 nec
908 2140 1049 2222 coniugis
1073 2143 1158 2206 artes

205 2263 264 2309 nec
287 2263 387 2326 genus
412 2246 578 2309 amborum
599 2246 772 2327 magnique
795 2246 938 2329 potentia
959 2247 1050 2328 regni

205 2352 250 2415 sic
271 2337 418 2434 placuere
441 2351 497 2428 illi,
521 2352 667 2434 quamuis
691 2370 729 2415 00
752 2355 868 2416 cuncta
889 2353 1062 2436 placerent,

116 2464 168 2519 155
205 2460 242 2522 ut
266 2475 324 2522 sua
346 2458 529 2541 progeniem
554 2459 587 2522 et
609 2456 792 2522 felicissima
814 2462 957 2524 matrum

204 2564 288 2628 dicta
311 2563 393 2628 foret
414 2564 524 2641 Niobe,
548 2563 575 2627 si
597 2583 661 2627 non
684 2564 744 2628 sibi
766 2564 835 2628 visa
857 2564 979 2630 fuisset.

204 2671 289 2734 Nam
313 2673 384 2734 sata
406 2671 527 2735 Tiresia
550 2671 677 2734 venturi
699 2671 843 2753 praescia
866 2673 977 2736 Manto

204 2796 261 2860 per
282 2777 404 2841 medias
427 2777 541 2854 fuerat,
564 2777 669 2841 divino
693 2778 817 2841 concita
839 2780 940 2855 motu,

206 2883 380 2947 vaticinata
401 2882 487 2946 vias:
509 2870 709 2957 ‘Ismenides
732 2883 776 2946 ite
798 2881 983 2963 frequentes

118 2997 170 3052 100
208 2991 241 3053 01
264 2989 337 3053 date
360 2989 501 3052 Latonae
524 2988 792 3069 Latonigenisque
816 2987 939 3053 duobus

206 3113 279 3159 cum
300 3112 395 3177 prece
418 3096 493 3158 tura
514 3094 567 3177 pia
590 3094 742 3175 lauroque
765 3094 916 3159 innectite
940 3095 1076 3160 crinem!
1104 3118 1105 3121 ¹
1187 3119 1190 3124 ¹

161 3175 167 3192 x
210 3201 271 3266 Ore
293 3219 365 3265 meo
388 3201 513 3264 Latona
535 3188 641 3265 iubet?
689 3199 834 3277 Paretur,
858 3201 890 3264 01
914 3219 1023 3265 omnes

205 3308 383 3372 Thebaides
406 3294 502 3371 iussis
527 3325 586 3370 sua
608 3309 753 3389 tempora
775 3306 940 3383 frondibus
964 3309 1079 3371 omani

204 3402 340 3494 turaque
364 3413 451 3477 dant.
466 3413 583 3477 sanctis
608 3415 640 3476 et
662 3413 758 3476 verba
780 3414 943 3495 precantia
965 3413 1112 3478 fiammis.

115 3526 167 3581 165
293 3520 374 3584 Ecce
398 3519 661 3583 venitccmitum
684 3517 784 3582 Niobe
807 3519 1011 3584 celeberrima
1033 3521 1137 3597 turba,

205 3625 347 3689 vestibus
370 3625 500 3701 intexto·
513 3624 661 3707 Phrygiis
685 3625 866 3707 spectabilis
890 3644 976 3704 auro,

208 3734 249 3808 01,
274 3734 431 3811 qnantum
454 3732 502 3794 ira
515 3731 611 3808 emit,
633 3729 789 3794 formosa:
813 3750 1007 3814 movensque
1032 3733 1143 3798 decoro

205 3856 279 3901 oum
303 3838 405 3919 capite
428 3836 578 3900 inmissos
601 3855 750 3900 umerum
771 3855 828 3919 per
850 3839 1024 3920 utrumque
1048 3839 1178 3922 capillos

206 3942 367 4017 constitit3
391 3944 491 4023 utque
515 3943 622 4006 oculos
647 3943 843 4006 circumtuht
866 3945 933 4007 alta
956 3945 1116 4027 superbos,

117 4057 170 4111 170
203 4037 289 4130 ‘quis
313 4048 408 4125 furor,
432 4035 571 4112 auditos'
597 4049 703 4130 inquit
722 4036 928 4132 ‘praeponere
950 4051 1027 4114 visis

208 4156 385 4219 caelestes?
410 4156 465 4218 aut
489 4174 545 4220 cur
568 4155 683 4220 colitur
705 4155 829 4219 Latona
851 4175 908 4238 per
932 4175 1013 4233 0100,
1117 4207 1118 4210 ¹
1202 4205 1204 4211 .

204 4280 322 4326 numen
347 4261 451 4325 adhuc
475 4262 542 4325 sine
565 4265 638 4326 ture
661 4279 770 4325 meum
795 4265 867 4326 est?
891 4263 971 4326 mihi
993 4264 1150 4342 Tantalus
1171 4266 1304 4334 auster„
