<?xml version="1.0" encoding="UTF-8"?>
<!DOCTYPE html PUBLIC "-//W3C//DTD XHTML 1.0 Transitional//EN"
    "http://www.w3.org/TR/xhtml1/DTD/xhtml1-transitional.dtd">
<html xmlns="http://www.w3.org/1999/xhtml" xml:lang="en" lang="en">
 <head>
  <title>
</title>
<meta http-equiv="Content-Type" content="text/html;charset=utf-8" />
  <meta name='ocr-system' content='tesseract 3.04.00' />
  <meta name='ocr-capabilities' content='ocr_page ocr_carea ocr_par ocr_line ocrx_word'/>
</head>
<body>
  <div class='ocr_page' id='page_1' title='image "./diemetamorphose02magngoog_0032.png"; bbox 0 0 2858 4710; ppageno 0'>
   <div class='ocr_carea' id='block_1_1' title="bbox 170 199 825 273">
    <p class='ocr_par' dir='ltr' id='par_1_1' title="bbox 170 199 825 273">
     <span class='ocr_line' id='line_1_1' title="bbox 170 199 825 273; baseline -0.003 -17"><span class='ocrx_word' id='word_1_1' title='bbox 170 211 233 273; x_wconf 78' lang='lat'><strong>136</strong></span> <span class='ocrx_word' id='word_1_2' title='bbox 732 199 825 254; x_wconf 81' lang='lat' dir='ltr'><strong>Aeson.</strong></span> 
     </span>
    </p>
   </div>
   <div class='ocr_carea' id='block_1_2' title="bbox 168 359 1213 2041">
    <p class='ocr_par' dir='ltr' id='par_1_2' title="bbox 257 359 1005 443">
     <span class='ocr_line' id='line_1_2' title="bbox 257 359 1005 443; baseline -0.005 -16"><span class='ocrx_word' id='word_1_3' title='bbox 257 362 403 443; x_wconf 87' lang='lat' dir='ltr'><strong>eivihque</strong></span> <span class='ocrx_word' id='word_1_4' title='bbox 427 362 548 426; x_wconf 87' lang='lat' dir='ltr'><strong>cadunt</strong></span> <span class='ocrx_word' id='word_1_5' title='bbox 571 361 646 426; x_wconf 88' lang='lat' dir='ltr'><strong>acie.</strong></span> <span class='ocrx_word' id='word_1_6' title='bbox 693 359 870 425; x_wconf 78' lang='lat' dir='ltr'><strong>Gratantur</strong></span> <span class='ocrx_word' id='word_1_7' title='bbox 892 360 1005 424; x_wconf 87' lang='lat' dir='ltr'><strong>Achivi</strong></span> 
     </span>
    </p>

    <p class='ocr_par' dir='ltr' id='par_1_3' title="bbox 168 467 1182 758">
     <span class='ocr_line' id='line_1_3' title="bbox 257 467 1182 550; baseline -0.003 -16"><span class='ocrx_word' id='word_1_8' title='bbox 257 470 471 550; x_wconf 81' lang='lat' dir='ltr'><strong>victoremque</strong></span> <span class='ocrx_word' id='word_1_9' title='bbox 495 469 607 532; x_wconf 88' lang='lat' dir='ltr'><strong>tenent</strong></span> <span class='ocrx_word' id='word_1_10' title='bbox 630 467 792 548; x_wconf 85' lang='lat' dir='ltr'><strong>avidisque</strong></span> <span class='ocrx_word' id='word_1_11' title='bbox 816 467 1013 549; x_wconf 80' lang='lat' dir='ltr'><strong>amplexibus</strong></span> <span class='ocrx_word' id='word_1_12' title='bbox 1036 467 1182 531; x_wconf 82' lang='lat' dir='ltr'><strong>haerent.</strong></span> 
     </span>
     <span class='ocr_line' id='line_1_4' title="bbox 168 573 1134 656; baseline -0.002 -18"><span class='ocrx_word' id='word_1_13' title='bbox 168 584 222 639; x_wconf 82' lang='lat'><strong>144</strong></span> <span class='ocrx_word' id='word_1_14' title='bbox 258 577 306 639; x_wconf 85' lang='lat' dir='ltr'><strong>Tu</strong></span> <span class='ocrx_word' id='word_1_15' title='bbox 330 593 454 656; x_wconf 91' lang='lat' dir='ltr'><strong>quoque</strong></span> <span class='ocrx_word' id='word_1_16' title='bbox 478 574 629 639; x_wconf 85' lang='lat' dir='ltr'><strong>victorem</strong></span> <span class='ocrx_word' id='word_1_17' title='bbox 652 574 827 656; x_wconf 87' lang='lat' dir='ltr'><strong>complecti,</strong></span> <span class='ocrx_word' id='word_1_18' title='bbox 850 573 994 650; x_wconf 87' lang='lat' dir='ltr'><strong>barbara,</strong></span> <span class='ocrx_word' id='word_1_19' title='bbox 1017 574 1134 638; x_wconf 87' lang='lat' dir='ltr'><strong>velles:</strong></span> 
     </span>
     <span class='ocr_line' id='line_1_5' title="bbox 169 679 1057 758; baseline -0.002 -14"><span class='ocrx_word' id='word_1_20' title='bbox 169 689 221 744; x_wconf 83' lang='grc'><strong>146</strong></span> <span class='ocrx_word' id='word_1_21' title='bbox 258 681 313 746; x_wconf 89' lang='lat' dir='ltr'><strong>sed</strong></span> <span class='ocrx_word' id='word_1_22' title='bbox 336 683 378 758; x_wconf 88' lang='lat' dir='ltr'><strong>te,</strong></span> <span class='ocrx_word' id='word_1_23' title='bbox 399 698 440 744; x_wconf 91' lang='lat' dir='ltr'><strong>ne</strong></span> <span class='ocrx_word' id='word_1_24' title='bbox 462 680 592 757; x_wconf 84' lang='lat' dir='ltr'><strong>faceres,</strong></span> <span class='ocrx_word' id='word_1_25' title='bbox 616 680 721 744; x_wconf 90' lang='lat' dir='ltr'><strong>tenuit</strong></span> <span class='ocrx_word' id='word_1_26' title='bbox 742 680 920 744; x_wconf 88' lang='lat' dir='ltr'><strong>reverentia</strong></span> <span class='ocrx_word' id='word_1_27' title='bbox 943 679 1057 744; x_wconf 87' lang='lat' dir='ltr'><strong>famae.</strong></span> 
     </span>
    </p>

    <p class='ocr_par' dir='ltr' id='par_1_4' title="bbox 258 786 1038 868">
     <span class='ocr_line' id='line_1_6' title="bbox 258 786 1038 868; baseline 0 -17"><span class='ocrx_word' id='word_1_28' title='bbox 258 787 350 867; x_wconf 78' lang='lat' dir='ltr'><strong>Quod</strong></span> <span class='ocrx_word' id='word_1_29' title='bbox 373 786 458 864; x_wconf 88' lang='lat' dir='ltr'><strong>lieet,</strong></span> <span class='ocrx_word' id='word_1_30' title='bbox 481 786 608 852; x_wconf 88' lang='lat' dir='ltr'><strong>adfectu</strong></span> <span class='ocrx_word' id='word_1_31' title='bbox 631 787 729 851; x_wconf 89' lang='lat' dir='ltr'><strong>tacito</strong></span> <span class='ocrx_word' id='word_1_32' title='bbox 752 787 882 851; x_wconf 88' lang='lat' dir='ltr'><strong>laetaris</strong></span> <span class='ocrx_word' id='word_1_33' title='bbox 906 787 1038 868; x_wconf 81' lang='lat' dir='ltr'><strong>agisque</strong></span> 
     </span>
    </p>

    <p class='ocr_par' dir='ltr' id='par_1_5' title="bbox 259 893 1064 975">
     <span class='ocr_line' id='line_1_7' title="bbox 259 893 1064 975; baseline -0.004 -17"><span class='ocrx_word' id='word_1_34' title='bbox 259 893 452 958; x_wconf 88' lang='lat' dir='ltr'><strong>carminibus</strong></span> <span class='ocrx_word' id='word_1_35' title='bbox 474 894 582 975; x_wconf 86' lang='lat' dir='ltr'><strong>grates</strong></span> <span class='ocrx_word' id='word_1_36' title='bbox 606 896 639 958; x_wconf 89' lang='lat' dir='ltr'><strong>et</strong></span> <span class='ocrx_word' id='word_1_37' title='bbox 662 893 710 958; x_wconf 89' lang='lat' dir='ltr'><strong>dis</strong></span> <span class='ocrx_word' id='word_1_38' title='bbox 734 894 916 958; x_wconf 88' lang='lat' dir='ltr'><strong>auctoribus</strong></span> <span class='ocrx_word' id='word_1_39' title='bbox 939 894 1064 958; x_wconf 90' lang='lat' dir='ltr'><strong>horum.</strong></span> 
     </span>
    </p>

    <p class='ocr_par' dir='ltr' id='par_1_6' title="bbox 347 998 1166 1083">
     <span class='ocr_line' id='line_1_8' title="bbox 347 998 1166 1083; baseline 0.002 -21"><span class='ocrx_word' id='word_1_40' title='bbox 347 998 538 1081; x_wconf 82' lang='lat' dir='ltr'><strong>Pervigilem</strong></span> <span class='ocrx_word' id='word_1_41' title='bbox 561 1003 707 1083; x_wconf 89' lang='lat' dir='ltr'><strong>superest</strong></span> <span class='ocrx_word' id='word_1_42' title='bbox 728 1001 835 1065; x_wconf 88' lang='lat' dir='ltr'><strong>herbis</strong></span> <span class='ocrx_word' id='word_1_43' title='bbox 859 1000 962 1083; x_wconf 88' lang='lat' dir='ltr'><strong>sopire</strong></span> <span class='ocrx_word' id='word_1_44' title='bbox 987 1000 1166 1077; x_wconf 89' lang='lat' dir='ltr'><strong>draconem,</strong></span> 
     </span>
    </p>

    <p class='ocr_par' dir='ltr' id='par_1_7' title="bbox 171 1105 1136 1191">
     <span class='ocr_line' id='line_1_9' title="bbox 171 1105 1136 1191; baseline 0.003 -23"><span class='ocrx_word' id='word_1_45' title='bbox 171 1112 226 1168; x_wconf 85' lang='lat'><strong>150</strong></span> <span class='ocrx_word' id='word_1_46' title='bbox 263 1106 319 1188; x_wconf 93' lang='lat' dir='ltr'><strong>qui</strong></span> <span class='ocrx_word' id='word_1_47' title='bbox 341 1105 438 1170; x_wconf 90' lang='lat' dir='ltr'><strong>crista</strong></span> <span class='ocrx_word' id='word_1_48' title='bbox 460 1106 640 1189; x_wconf 82' lang='lat' dir='ltr'><strong>linguisque</strong></span> <span class='ocrx_word' id='word_1_49' title='bbox 664 1108 766 1172; x_wconf 88' lang='lat' dir='ltr'><strong>tribus</strong></span> <span class='ocrx_word' id='word_1_50' title='bbox 789 1106 966 1191; x_wconf 87' lang='lat' dir='ltr'><strong>praesignis</strong></span> <span class='ocrx_word' id='word_1_51' title='bbox 990 1109 1024 1171; x_wconf 92' lang='lat' dir='ltr'><strong>et</strong></span> <span class='ocrx_word' id='word_1_52' title='bbox 1045 1107 1136 1171; x_wconf 91' lang='lat' dir='ltr'><strong>uncis</strong></span> 
     </span>
    </p>

    <p class='ocr_par' dir='ltr' id='par_1_8' title="bbox 259 1212 1124 1279">
     <span class='ocr_line' id='line_1_10' title="bbox 259 1212 1124 1279; baseline 0 -3"><span class='ocrx_word' id='word_1_53' title='bbox 259 1212 406 1277; x_wconf 91' lang='lat' dir='ltr'><strong>dentibus</strong></span> <span class='ocrx_word' id='word_1_54' title='bbox 429 1213 606 1278; x_wconf 88' lang='lat' dir='ltr'><strong>horrendus</strong></span> <span class='ocrx_word' id='word_1_55' title='bbox 630 1217 737 1279; x_wconf 88' lang='lat' dir='ltr'><strong>custos</strong></span> <span class='ocrx_word' id='word_1_56' title='bbox 761 1214 831 1277; x_wconf 88' lang='lat' dir='ltr'><strong>erat</strong></span> <span class='ocrx_word' id='word_1_57' title='bbox 854 1212 976 1276; x_wconf 91' lang='lat' dir='ltr'><strong>arboris</strong></span> <span class='ocrx_word' id='word_1_58' title='bbox 1000 1230 1124 1276; x_wconf 90' lang='lat' dir='ltr'><strong>aureae.</strong></span> 
     </span>
    </p>

    <p class='ocr_par' dir='ltr' id='par_1_9' title="bbox 210 1318 1213 1614">
     <span class='ocr_line' id='line_1_11' title="bbox 210 1318 1101 1404; baseline 0 -21"><span class='ocrx_word' id='word_1_59' title='bbox 210 1352 216 1357; x_wconf 76' lang='lat'><em>,</em></span> <span class='ocrx_word' id='word_1_60' title='bbox 257 1318 352 1384; x_wconf 91' lang='lat' dir='ltr'><strong>Hunc</strong></span> <span class='ocrx_word' id='word_1_61' title='bbox 374 1321 546 1402; x_wconf 85' lang='lat' dir='ltr'><strong>postquam</strong></span> <span class='ocrx_word' id='word_1_62' title='bbox 570 1322 687 1404; x_wconf 88' lang='lat' dir='ltr'><strong>sparsit</strong></span> <span class='ocrx_word' id='word_1_63' title='bbox 709 1320 843 1386; x_wconf 84' lang='lat' dir='ltr'><strong>Lethaei</strong></span> <span class='ocrx_word' id='word_1_64' title='bbox 866 1319 1009 1401; x_wconf 87' lang='lat' dir='ltr'><strong>gramine</strong></span> <span class='ocrx_word' id='word_1_65' title='bbox 1032 1319 1101 1383; x_wconf 88' lang='lat' dir='ltr'><strong>suci</strong></span> 
     </span>
     <span class='ocr_line' id='line_1_12' title="bbox 258 1425 1085 1510; baseline 0.001 -21"><span class='ocrx_word' id='word_1_66' title='bbox 258 1426 417 1507; x_wconf 86' lang='lat' dir='ltr'><strong>verbaque</strong></span> <span class='ocrx_word' id='word_1_67' title='bbox 440 1427 490 1490; x_wconf 89' lang='lat' dir='ltr'><strong>ter</strong></span> <span class='ocrx_word' id='word_1_68' title='bbox 513 1426 591 1490; x_wconf 84' lang='lat' dir='ltr'><strong>dixit</strong></span> <span class='ocrx_word' id='word_1_69' title='bbox 613 1427 752 1510; x_wconf 90' lang='lat' dir='ltr'><strong>placidos</strong></span> <span class='ocrx_word' id='word_1_70' title='bbox 775 1425 926 1490; x_wconf 77' lang='lat' dir='ltr'><strong>facientia</strong></span> <span class='ocrx_word' id='word_1_71' title='bbox 949 1444 1085 1502; x_wconf 87' lang='lat' dir='ltr'><strong>somnos,</strong></span> 
     </span>
     <span class='ocr_line' id='line_1_13' title="bbox 259 1530 1213 1614; baseline 0.003 -20"><span class='ocrx_word' id='word_1_72' title='bbox 259 1549 340 1613; x_wconf 91' lang='lat' dir='ltr'><strong>quac</strong></span> <span class='ocrx_word' id='word_1_73' title='bbox 363 1549 452 1596; x_wconf 89' lang='lat' dir='ltr'><strong>mare</strong></span> <span class='ocrx_word' id='word_1_74' title='bbox 474 1533 651 1610; x_wconf 87' lang='lat' dir='ltr'><strong>turbatum,</strong></span> <span class='ocrx_word' id='word_1_75' title='bbox 674 1551 756 1614; x_wconf 88' lang='lat' dir='ltr'><strong>quae</strong></span> <span class='ocrx_word' id='word_1_76' title='bbox 779 1532 902 1597; x_wconf 92' lang='lat' dir='ltr'><strong>concita</strong></span> <span class='ocrx_word' id='word_1_77' title='bbox 924 1530 1058 1597; x_wconf 88' lang='lat' dir='ltr'><strong>fiumina</strong></span> <span class='ocrx_word' id='word_1_78' title='bbox 1082 1532 1213 1611; x_wconf 88' lang='lat' dir='ltr'><strong>sistunt,</strong></span> 
     </span>
    </p>

    <p class='ocr_par' dir='ltr' id='par_1_10' title="bbox 172 1637 1136 2041">
     <span class='ocr_line' id='line_1_14' title="bbox 172 1637 1085 1720; baseline 0.003 -21"><span class='ocrx_word' id='word_1_79' title='bbox 172 1643 224 1699; x_wconf 90' lang='grc'><strong>155</strong></span> <span class='ocrx_word' id='word_1_80' title='bbox 261 1656 392 1701; x_wconf 88' lang='lat' dir='ltr'><strong>somnus</strong></span> <span class='ocrx_word' id='word_1_81' title='bbox 414 1637 448 1701; x_wconf 93' lang='lat' dir='ltr'><strong>in</strong></span> <span class='ocrx_word' id='word_1_82' title='bbox 470 1639 596 1720; x_wconf 88' lang='lat' dir='ltr'><strong>ignotos</strong></span> <span class='ocrx_word' id='word_1_83' title='bbox 619 1639 725 1703; x_wconf 91' lang='lat' dir='ltr'><strong>oculos</strong></span> <span class='ocrx_word' id='word_1_84' title='bbox 749 1638 809 1703; x_wconf 90' lang='lat' dir='ltr'><strong>sibi</strong></span> <span class='ocrx_word' id='word_1_85' title='bbox 831 1638 927 1715; x_wconf 83' lang='lat' dir='ltr'><strong>venit,</strong></span> <span class='ocrx_word' id='word_1_86' title='bbox 952 1640 985 1702; x_wconf 90' lang='lat' dir='ltr'><strong>et</strong></span> <span class='ocrx_word' id='word_1_87' title='bbox 1008 1656 1085 1702; x_wconf 88' lang='lat' dir='ltr'><strong>auro</strong></span> 
     </span>
     <span class='ocr_line' id='line_1_15' title="bbox 257 1743 1036 1828; baseline 0.003 -22"><span class='ocrx_word' id='word_1_88' title='bbox 257 1743 350 1808; x_wconf 88' lang='lat' dir='ltr'><strong>heros</strong></span> <span class='ocrx_word' id='word_1_89' title='bbox 372 1745 528 1808; x_wconf 89' lang='lat' dir='ltr'><strong>Aesonius</strong></span> <span class='ocrx_word' id='word_1_90' title='bbox 551 1745 672 1827; x_wconf 89' lang='lat' dir='ltr'><strong>potitur</strong></span> <span class='ocrx_word' id='word_1_91' title='bbox 694 1745 857 1828; x_wconf 89' lang='lat' dir='ltr'><strong>sp0h0que</strong></span> <span class='ocrx_word' id='word_1_92' title='bbox 881 1744 1036 1827; x_wconf 87' lang='lat' dir='ltr'><strong>superbus</strong></span> 
     </span>
     <span class='ocr_line' id='line_1_16' title="bbox 257 1850 1136 1934; baseline 0.003 -21"><span class='ocrx_word' id='word_1_93' title='bbox 257 1850 400 1915; x_wconf 89' lang='lat' dir='ltr'><strong>muneris</strong></span> <span class='ocrx_word' id='word_1_94' title='bbox 424 1853 586 1916; x_wconf 88' lang='lat' dir='ltr'><strong>auctorem</strong></span> <span class='ocrx_word' id='word_1_95' title='bbox 609 1870 727 1929; x_wconf 89' lang='lat' dir='ltr'><strong>secum,</strong></span> <span class='ocrx_word' id='word_1_96' title='bbox 747 1850 849 1934; x_wconf 89' lang='lat' dir='ltr'><strong>spolia</strong></span> <span class='ocrx_word' id='word_1_97' title='bbox 872 1851 982 1928; x_wconf 89' lang='lat' dir='ltr'><strong>altera,</strong></span> <span class='ocrx_word' id='word_1_98' title='bbox 1005 1852 1136 1933; x_wconf 87' lang='lat' dir='ltr'><strong>portans</strong></span> 
     </span>
     <span class='ocr_line' id='line_1_17' title="bbox 258 1955 1059 2041; baseline 0 -21"><span class='ocrx_word' id='word_1_99' title='bbox 258 1955 358 2021; x_wconf 89' lang='lat' dir='ltr'><strong>victor</strong></span> <span class='ocrx_word' id='word_1_100' title='bbox 380 1958 531 2024; x_wconf 92' lang='lat' dir='ltr'><strong>Iolciacos</strong></span> <span class='ocrx_word' id='word_1_101' title='bbox 555 1959 663 2041; x_wconf 86' lang='lat' dir='ltr'><strong>tetigit</strong></span> <span class='ocrx_word' id='word_1_102' title='bbox 686 1977 760 2024; x_wconf 89' lang='lat' dir='ltr'><strong>oum</strong></span> <span class='ocrx_word' id='word_1_103' title='bbox 783 1958 916 2039; x_wconf 88' lang='lat' dir='ltr'><strong>coniuge</strong></span> <span class='ocrx_word' id='word_1_104' title='bbox 938 1958 1059 2040; x_wconf 89' lang='lat' dir='ltr'><strong>portus.</strong></span> 
     </span>
    </p>
   </div>
   <div class='ocr_carea' id='block_1_3' title="bbox 1201 2153 1396 2221">
    <p class='ocr_par' dir='ltr' id='par_1_11' title="bbox 1201 2153 1396 2221">
     <span class='ocr_line' id='line_1_18' title="bbox 1201 2153 1396 2221; baseline 0.01 -5"><span class='ocrx_word' id='word_1_105' title='bbox 1201 2154 1257 2218; x_wconf 82' lang='lat'><strong>37.</strong></span> <span class='ocrx_word' id='word_1_106' title='bbox 1281 2153 1396 2221; x_wconf 76' lang='lat' dir='ltr'><strong>Aeson.</strong></span> 
     </span>
    </p>
   </div>
   <div class='ocr_carea' id='block_1_4' title="bbox 167 2275 1330 4066">
    <p class='ocr_par' dir='ltr' id='par_1_12' title="bbox 167 2275 1330 4066">
     <span class='ocr_line' id='line_1_19' title="bbox 345 2275 1155 2359; baseline -0.002 -18"><span class='ocrx_word' id='word_1_107' title='bbox 345 2276 540 2341; x_wconf 88' lang='lat' dir='ltr'><strong>Haemoniae</strong></span> <span class='ocrx_word' id='word_1_108' title='bbox 563 2278 683 2340; x_wconf 90' lang='lat' dir='ltr'><strong>matres</strong></span> <span class='ocrx_word' id='word_1_109' title='bbox 705 2295 762 2359; x_wconf 90' lang='lat' dir='ltr'><strong>pro</strong></span> <span class='ocrx_word' id='word_1_110' title='bbox 786 2276 890 2358; x_wconf 87' lang='lat' dir='ltr'><strong>gnatis</strong></span> <span class='ocrx_word' id='word_1_111' title='bbox 914 2275 996 2340; x_wconf 92' lang='lat' dir='ltr'><strong>dona</strong></span> <span class='ocrx_word' id='word_1_112' title='bbox 1018 2275 1155 2358; x_wconf 89' lang='lat' dir='ltr'><strong>receptis</strong></span> 
     </span>
     <span class='ocr_line' id='line_1_20' title="bbox 168 2381 1145 2466; baseline 0.002 -22"><span class='ocrx_word' id='word_1_113' title='bbox 168 2389 222 2445; x_wconf 87' lang='lat'><strong>160</strong></span> <span class='ocrx_word' id='word_1_114' title='bbox 257 2382 492 2466; x_wconf 86' lang='lat' dir='ltr'><strong>grandaevique</strong></span> <span class='ocrx_word' id='word_1_115' title='bbox 515 2381 624 2446; x_wconf 88' lang='lat' dir='ltr'><strong>ferunt</strong></span> <span class='ocrx_word' id='word_1_116' title='bbox 646 2383 753 2464; x_wconf 90' lang='lat' dir='ltr'><strong>patres</strong></span> <span class='ocrx_word' id='word_1_117' title='bbox 777 2384 990 2465; x_wconf 85' lang='lat' dir='ltr'><strong>congestaque</strong></span> <span class='ocrx_word' id='word_1_118' title='bbox 1014 2381 1145 2446; x_wconf 88' lang='lat' dir='ltr'><strong>flamma</strong></span> 
     </span>
     <span class='ocr_line' id='line_1_21' title="bbox 257 2488 1098 2570; baseline -0.002 -17"><span class='ocrx_word' id='word_1_119' title='bbox 257 2492 331 2553; x_wconf 89' lang='lat' dir='ltr'><strong>tura</strong></span> <span class='ocrx_word' id='word_1_120' title='bbox 353 2488 569 2570; x_wconf 84' lang='lat' dir='ltr'><strong>liquefaciunt,</strong></span> <span class='ocrx_word' id='word_1_121' title='bbox 591 2488 786 2570; x_wconf 89' lang='lat' dir='ltr'><strong>inductaque</strong></span> <span class='ocrx_word' id='word_1_122' title='bbox 810 2489 958 2554; x_wconf 87' lang='lat' dir='ltr'><strong>comibus</strong></span> <span class='ocrx_word' id='word_1_123' title='bbox 982 2506 1098 2552; x_wconf 89' lang='lat' dir='ltr'><strong>aurum</strong></span> 
     </span>
     <span class='ocr_line' id='line_1_22' title="bbox 257 2594 1253 2678; baseline -0.003 -18"><span class='ocrx_word' id='word_1_124' title='bbox 257 2595 388 2660; x_wconf 86' lang='lat' dir='ltr'><strong>victima</strong></span> <span class='ocrx_word' id='word_1_125' title='bbox 410 2597 485 2660; x_wconf 85' lang='lat' dir='ltr'><strong>vota</strong></span> <span class='ocrx_word' id='word_1_126' title='bbox 507 2594 600 2660; x_wconf 88' lang='lat' dir='ltr'><strong>cadit.</strong></span> <span class='ocrx_word' id='word_1_127' title='bbox 647 2594 710 2659; x_wconf 85' lang='lat' dir='ltr'><strong>Sed</strong></span> <span class='ocrx_word' id='word_1_128' title='bbox 733 2595 824 2659; x_wconf 91' lang='lat' dir='ltr'><strong>abest</strong></span> <span class='ocrx_word' id='word_1_129' title='bbox 846 2594 1047 2678; x_wconf 85' lang='lat' dir='ltr'><strong>gratantibus</strong></span> <span class='ocrx_word' id='word_1_130' title='bbox 1070 2596 1188 2671; x_wconf 84' lang='lat' dir='ltr'><strong>Aeson,</strong></span> <span class='ocrx_word' id='word_1_131' title='bbox 1252 2672 1253 2675; x_wconf 8' lang='grc' dir='ltr'><strong>Ἴ</strong></span> 
     </span>
     <span class='ocr_line' id='line_1_23' title="bbox 257 2701 1051 2786; baseline -0.003 -21"><span class='ocrx_word' id='word_1_132' title='bbox 257 2703 323 2766; x_wconf 88' lang='lat' dir='ltr'><strong>iam</strong></span> <span class='ocrx_word' id='word_1_133' title='bbox 344 2703 470 2786; x_wconf 88' lang='lat' dir='ltr'><strong>propior</strong></span> <span class='ocrx_word' id='word_1_134' title='bbox 493 2703 557 2766; x_wconf 87' lang='lat' dir='ltr'><strong>leto</strong></span> <span class='ocrx_word' id='word_1_135' title='bbox 580 2701 749 2783; x_wconf 84' lang='lat' dir='ltr'><strong>fessusque</strong></span> <span class='ocrx_word' id='word_1_136' title='bbox 773 2701 924 2766; x_wconf 88' lang='lat' dir='ltr'><strong>senilibus</strong></span> <span class='ocrx_word' id='word_1_137' title='bbox 949 2701 1051 2765; x_wconf 90' lang='lat' dir='ltr'><strong>annis.</strong></span> 
     </span>
     <span class='ocr_line' id='line_1_24' title="bbox 258 2796 1058 2874; baseline -0.004 0"><span class='ocrx_word' id='word_1_138' title='bbox 258 2807 340 2874; x_wconf 78' lang='lat' dir='ltr'><strong>Cum</strong></span> <span class='ocrx_word' id='word_1_139' title='bbox 363 2809 409 2874; x_wconf 89' lang='lat' dir='ltr'><strong>sio</strong></span> <span class='ocrx_word' id='word_1_140' title='bbox 430 2808 620 2874; x_wconf 85' lang='lat' dir='ltr'><strong>Aesonides:</strong></span> <span class='ocrx_word' id='word_1_141' title='bbox 642 2796 683 2874; x_wconf 86' lang='lat'><strong>‘0</strong></span> <span class='ocrx_word' id='word_1_142' title='bbox 708 2808 760 2873; x_wconf 90' lang='lat' dir='ltr'><strong>eui</strong></span> <span class='ocrx_word' id='word_1_143' title='bbox 783 2807 896 2872; x_wconf 90' lang='lat' dir='ltr'><strong>debere</strong></span> <span class='ocrx_word' id='word_1_144' title='bbox 920 2808 1058 2872; x_wconf 86' lang='lat' dir='ltr'><strong>salutern</strong></span> 
     </span>
     <span class='ocr_line' id='line_1_25' title="bbox 168 2911 1181 2998; baseline 0 -22"><span class='ocrx_word' id='word_1_145' title='bbox 168 2921 220 2978; x_wconf 84' lang='lat'><strong>165</strong></span> <span class='ocrx_word' id='word_1_146' title='bbox 243 2916 414 2994; x_wconf 78' lang='grc'><strong>1011111101,</strong></span> <span class='ocrx_word' id='word_1_147' title='bbox 437 2917 580 2994; x_wconf 85' lang='lat' dir='ltr'><strong>coniunx,</strong></span> <span class='ocrx_word' id='word_1_148' title='bbox 604 2934 799 2998; x_wconf 91' lang='lat' dir='ltr'><strong>quamquam</strong></span> <span class='ocrx_word' id='word_1_149' title='bbox 822 2915 901 2979; x_wconf 90' lang='lat' dir='ltr'><strong>mihi</strong></span> <span class='ocrx_word' id='word_1_150' title='bbox 924 2916 1039 2979; x_wconf 87' lang='lat' dir='ltr'><strong>cuneta</strong></span> <span class='ocrx_word' id='word_1_151' title='bbox 1063 2911 1181 2977; x_wconf 89' lang='lat' dir='ltr'><strong>dedisti</strong></span> 
     </span>
     <span class='ocr_line' id='line_1_26' title="bbox 257 3022 1318 3105; baseline -0.002 -18"><span class='ocrx_word' id='word_1_152' title='bbox 257 3024 454 3105; x_wconf 81' lang='lat' dir='ltr'><strong>excessitque</strong></span> <span class='ocrx_word' id='word_1_153' title='bbox 477 3023 573 3088; x_wconf 90' lang='lat' dir='ltr'><strong>fidem</strong></span> <span class='ocrx_word' id='word_1_154' title='bbox 595 3023 785 3087; x_wconf 88' lang='lat' dir='ltr'><strong>meritorum</strong></span> <span class='ocrx_word' id='word_1_155' title='bbox 809 3039 936 3085; x_wconf 90' lang='lat' dir='ltr'><strong>summa</strong></span> <span class='ocrx_word' id='word_1_156' title='bbox 959 3022 1099 3098; x_wconf 89' lang='lat' dir='ltr'><strong>tuorum,</strong></span> <span class='ocrx_word' id='word_1_157' title='bbox 1315 3082 1318 3085; x_wconf 82' lang='grc'><strong>,</strong></span> 
     </span>
     <span class='ocr_line' id='line_1_27' title="bbox 258 3123 1330 3212; baseline -0.002 -20"><span class='ocrx_word' id='word_1_158' title='bbox 258 3129 285 3192; x_wconf 91' lang='grc'><strong>11</strong></span> <span class='ocrx_word' id='word_1_159' title='bbox 308 3131 417 3192; x_wconf 91' lang='lat' dir='ltr'><strong>tamen</strong></span> <span class='ocrx_word' id='word_1_160' title='bbox 439 3129 498 3193; x_wconf 91' lang='lat' dir='ltr'><strong>hoc</strong></span> <span class='ocrx_word' id='word_1_161' title='bbox 520 3131 656 3211; x_wconf 82' lang='lat' dir='ltr'><strong>possunt</strong></span> <span class='ocrx_word' id='word_1_162' title='bbox 678 3128 767 3211; x_wconf 88' lang='lat' dir='ltr'><strong>(quid</strong></span> <span class='ocrx_word' id='word_1_163' title='bbox 791 3128 876 3192; x_wconf 90' lang='lat' dir='ltr'><strong>enim</strong></span> <span class='ocrx_word' id='word_1_164' title='bbox 897 3145 962 3192; x_wconf 90' lang='lat' dir='ltr'><strong>non</strong></span> <span class='ocrx_word' id='word_1_165' title='bbox 984 3126 1126 3191; x_wconf 86' lang='lat' dir='ltr'><strong>earmina</strong></span> <span class='ocrx_word' id='word_1_166' title='bbox 1148 3123 1330 3212; x_wconf 74' lang='lat' dir='ltr'><strong>possunti),</strong></span> 
     </span>
     <span class='ocr_line' id='line_1_28' title="bbox 257 3219 1058 3317; baseline -0.004 -18"><span class='ocrx_word' id='word_1_167' title='bbox 257 3234 348 3299; x_wconf 90' lang='lat' dir='ltr'><strong>deme</strong></span> <span class='ocrx_word' id='word_1_168' title='bbox 370 3234 451 3299; x_wconf 89' lang='lat' dir='ltr'><strong>meis</strong></span> <span class='ocrx_word' id='word_1_169' title='bbox 474 3235 565 3298; x_wconf 90' lang='lat' dir='ltr'><strong>annis</strong></span> <span class='ocrx_word' id='word_1_170' title='bbox 589 3237 622 3298; x_wconf 92' lang='lat' dir='ltr'><strong>et</strong></span> <span class='ocrx_word' id='word_1_171' title='bbox 644 3233 789 3316; x_wconf 92' lang='lat' dir='ltr'><strong>demptos</strong></span> <span class='ocrx_word' id='word_1_172' title='bbox 813 3233 893 3298; x_wconf 88' lang='lat' dir='ltr'><strong>adde</strong></span> <span class='ocrx_word' id='word_1_173' title='bbox 915 3219 1058 3317; x_wconf 71' lang='lat' dir='ltr'><strong>parenti.³</strong></span> 
     </span>
     <span class='ocr_line' id='line_1_29' title="bbox 256 3337 1154 3422; baseline -0.003 -17"><span class='ocrx_word' id='word_1_174' title='bbox 256 3340 323 3406; x_wconf 89' lang='lat' dir='ltr'><strong>Nec</strong></span> <span class='ocrx_word' id='word_1_175' title='bbox 346 3341 451 3405; x_wconf 89' lang='lat' dir='ltr'><strong>tenuit</strong></span> <span class='ocrx_word' id='word_1_176' title='bbox 473 3341 630 3405; x_wconf 78' lang='lat' dir='ltr'><strong>lacrimas.</strong></span> <span class='ocrx_word' id='word_1_177' title='bbox 675 3341 764 3404; x_wconf 88' lang='lat' dir='ltr'><strong>Mota</strong></span> <span class='ocrx_word' id='word_1_178' title='bbox 788 3341 837 3404; x_wconf 90' lang='lat' dir='ltr'><strong>est</strong></span> <span class='ocrx_word' id='word_1_179' title='bbox 859 3340 979 3422; x_wconf 87' lang='lat' dir='ltr'><strong>pietate</strong></span> <span class='ocrx_word' id='word_1_180' title='bbox 1003 3337 1154 3420; x_wconf 88' lang='lat' dir='ltr'><strong>rogantis,</strong></span> 
     </span>
     <span class='ocr_line' id='line_1_30' title="bbox 170 3445 1082 3529; baseline -0.004 -18"><span class='ocrx_word' id='word_1_181' title='bbox 170 3456 222 3512; x_wconf 79' lang='lat'><strong>170</strong></span> <span class='ocrx_word' id='word_1_182' title='bbox 259 3448 509 3529; x_wconf 89' lang='lat' dir='ltr'><strong>dissimilemque</strong></span> <span class='ocrx_word' id='word_1_183' title='bbox 533 3448 676 3512; x_wconf 89' lang='lat' dir='ltr'><strong>animum</strong></span> <span class='ocrx_word' id='word_1_184' title='bbox 699 3447 797 3512; x_wconf 89' lang='lat' dir='ltr'><strong>subiit</strong></span> <span class='ocrx_word' id='word_1_185' title='bbox 818 3448 919 3511; x_wconf 90' lang='lat' dir='ltr'><strong>Aeeta</strong></span> <span class='ocrx_word' id='word_1_186' title='bbox 942 3445 1082 3510; x_wconf 90' lang='lat' dir='ltr'><strong>relictus.</strong></span> 
     </span>
     <span class='ocr_line' id='line_1_31' title="bbox 254 3539 1151 3634; baseline -0.007 -14"><span class='ocrx_word' id='word_1_187' title='bbox 254 3555 322 3620; x_wconf 91' lang='lat' dir='ltr'><strong>Nec</strong></span> <span class='ocrx_word' id='word_1_188' title='bbox 344 3556 455 3620; x_wconf 89' lang='lat' dir='ltr'><strong>tamen</strong></span> <span class='ocrx_word' id='word_1_189' title='bbox 477 3553 620 3618; x_wconf 84' lang='lat' dir='ltr'><strong>adiectus</strong></span> <span class='ocrx_word' id='word_1_190' title='bbox 644 3554 726 3618; x_wconf 88' lang='lat' dir='ltr'><strong>tales</strong></span> <span class='ocrx_word' id='word_1_191' title='bbox 749 3552 893 3618; x_wconf 84' lang='lat' dir='ltr'><strong>confessa</strong></span> <span class='ocrx_word' id='word_1_192' title='bbox 913 3539 1019 3634; x_wconf 84' lang='lat' dir='ltr'><strong>‘quod’</strong></span> <span class='ocrx_word' id='word_1_193' title='bbox 1045 3550 1151 3632; x_wconf 89' lang='lat' dir='ltr'><strong>inquit</strong></span> 
     </span>
     <span class='ocr_line' id='line_1_32' title="bbox 253 3649 1217 3750; baseline -0.002 -23"><span class='ocrx_word' id='word_1_194' title='bbox 253 3649 382 3727; x_wconf 79' lang='lat' dir='ltr'><strong>‘excidit</strong></span> <span class='ocrx_word' id='word_1_195' title='bbox 405 3680 457 3727; x_wconf 88' lang='lat' dir='ltr'><strong>ore</strong></span> <span class='ocrx_word' id='word_1_196' title='bbox 480 3664 546 3740; x_wconf 87' lang='grc'><strong>110,</strong></span> <span class='ocrx_word' id='word_1_197' title='bbox 569 3661 712 3738; x_wconf 82' lang='lat' dir='ltr'><strong>coniunx,</strong></span> <span class='ocrx_word' id='word_1_198' title='bbox 736 3660 863 3724; x_wconf 80' lang='lat' dir='ltr'><strong>scelus?</strong></span> <span class='ocrx_word' id='word_1_199' title='bbox 887 3677 961 3750; x_wconf 87' lang='lat' dir='ltr'><strong>ergo</strong></span> <span class='ocrx_word' id='word_1_200' title='bbox 985 3676 1042 3740; x_wconf 90' lang='lat' dir='ltr'><strong>ego</strong></span> <span class='ocrx_word' id='word_1_201' title='bbox 1066 3657 1217 3739; x_wconf 87' lang='lat' dir='ltr'><strong>cuiquam</strong></span> 
     </span>
     <span class='ocr_line' id='line_1_33' title="bbox 254 3763 1103 3852; baseline -0.007 -19"><span class='ocrx_word' id='word_1_202' title='bbox 254 3787 347 3852; x_wconf 91' lang='lat' dir='ltr'><strong>posse</strong></span> <span class='ocrx_word' id='word_1_203' title='bbox 369 3771 446 3834; x_wconf 88' lang='grc'><strong>1111</strong></span> <span class='ocrx_word' id='word_1_204' title='bbox 469 3768 576 3833; x_wconf 84' lang='lat' dir='ltr'><strong>videor</strong></span> <span class='ocrx_word' id='word_1_205' title='bbox 599 3767 739 3850; x_wconf 87' lang='lat' dir='ltr'><strong>spatium</strong></span> <span class='ocrx_word' id='word_1_206' title='bbox 761 3765 971 3831; x_wconf 82' lang='lat' dir='ltr'><strong>transcribere</strong></span> <span class='ocrx_word' id='word_1_207' title='bbox 995 3763 1103 3828; x_wconf 81' lang='lat' dir='ltr'><strong>vitae?</strong></span> 
     </span>
     <span class='ocr_line' id='line_1_34' title="bbox 255 3868 1254 3954; baseline -0.007 -15"><span class='ocrx_word' id='word_1_208' title='bbox 255 3875 322 3940; x_wconf 90' lang='lat' dir='ltr'><strong>Nec</strong></span> <span class='ocrx_word' id='word_1_209' title='bbox 346 3876 431 3941; x_wconf 91' lang='lat' dir='ltr'><strong>sinat</strong></span> <span class='ocrx_word' id='word_1_210' title='bbox 452 3876 512 3940; x_wconf 89' lang='lat' dir='ltr'><strong>hoe</strong></span> <span class='ocrx_word' id='word_1_211' title='bbox 534 3874 665 3951; x_wconf 88' lang='lat' dir='ltr'><strong>Hecate,</strong></span> <span class='ocrx_word' id='word_1_212' title='bbox 687 3876 807 3938; x_wconf 86' lang='lat' dir='ltr'><strong>noctu</strong></span> <span class='ocrx_word' id='word_1_213' title='bbox 829 3872 912 3954; x_wconf 88' lang='lat' dir='ltr'><strong>petis</strong></span> <span class='ocrx_word' id='word_1_214' title='bbox 936 3888 1047 3953; x_wconf 89' lang='lat' dir='ltr'><strong>aequa.</strong></span> <span class='ocrx_word' id='word_1_215' title='bbox 1094 3868 1157 3933; x_wconf 81' lang='lat' dir='ltr'><strong>Sed</strong></span> <span class='ocrx_word' id='word_1_216' title='bbox 1181 3868 1254 3946; x_wconf 88' lang='lat' dir='ltr'><strong>isto,</strong></span> 
     </span>
     <span class='ocr_line' id='line_1_35' title="bbox 167 3977 1125 4066; baseline -0.007 -20"><span class='ocrx_word' id='word_1_217' title='bbox 167 3990 220 4047; x_wconf 81' lang='grc'><strong>175</strong></span> <span class='ocrx_word' id='word_1_218' title='bbox 257 3982 341 4064; x_wconf 93' lang='lat' dir='ltr'><strong>quod</strong></span> <span class='ocrx_word' id='word_1_219' title='bbox 363 3983 456 4066; x_wconf 86' lang='lat' dir='ltr'><strong>petia,</strong></span> <span class='ocrx_word' id='word_1_220' title='bbox 480 3982 622 4066; x_wconf 80' lang='lat' dir='ltr'><strong>experiar</strong></span> <span class='ocrx_word' id='word_1_221' title='bbox 644 3981 749 4045; x_wconf 91' lang='lat' dir='ltr'><strong>maius</strong></span> <span class='ocrx_word' id='word_1_222' title='bbox 773 3979 849 4043; x_wconf 92' lang='lat' dir='ltr'><strong>dare</strong></span> <span class='ocrx_word' id='word_1_223' title='bbox 872 3996 999 4054; x_wconf 89' lang='lat' dir='ltr'><strong>munus,</strong></span> <span class='ocrx_word' id='word_1_224' title='bbox 1021 3977 1125 4041; x_wconf 87' lang='lat' dir='ltr'><strong>Iason.</strong></span> 
     </span>
    </p>
   </div>
   <div class='ocr_carea' id='block_1_5' title="bbox 381 4203 1135 4281">
    <p class='ocr_par' dir='ltr' id='par_1_13' title="bbox 381 4203 1135 4281">
     <span class='ocr_line' id='line_1_36' title="bbox 381 4203 1135 4281; baseline -0.016 -12"><span class='ocrx_word' id='word_1_225' title='bbox 381 4213 433 4269; x_wconf 82' lang='lat'><strong>145</strong></span> <span class='ocrx_word' id='word_1_226' title='bbox 452 4212 570 4281; x_wconf 88' lang='lat' dir='ltr'><strong>[obstitit</strong></span> <span class='ocrx_word' id='word_1_227' title='bbox 586 4211 690 4280; x_wconf 90' lang='lat' dir='ltr'><strong>incepto</strong></span> <span class='ocrx_word' id='word_1_228' title='bbox 707 4208 799 4280; x_wconf 89' lang='lat' dir='ltr'><strong>pudor.</strong></span> <span class='ocrx_word' id='word_1_229' title='bbox 835 4209 865 4260; x_wconf 92' lang='lat' dir='ltr'><strong>at</strong></span> <span class='ocrx_word' id='word_1_230' title='bbox 882 4206 1013 4276; x_wconf 84' lang='lat' dir='ltr'><strong>complexa</strong></span> <span class='ocrx_word' id='word_1_231' title='bbox 1030 4203 1135 4270; x_wconf 82' lang='lat' dir='ltr'><strong>fuisses]</strong></span> 
     </span>
    </p>
   </div>
   <div class='ocr_carea' id='block_1_6' title="bbox 0 0 1434 4710">
    <p class='ocr_par' dir='ltr' id='par_1_14' title="bbox 0 0 1434 4710">
     <span class='ocr_line' id='line_1_37' title="bbox 0 0 1434 4710; baseline 0 0"><span class='ocrx_word' id='word_1_232' title='bbox 0 0 1434 4710; x_wconf 95' lang='lat' dir='ltr'><strong> </strong></span> 
     </span>
    </p>
   </div>
  </div>
 </body>
</html>
