2858 4710
549 263 605 318 Lib.
623 263 669 332 IX,
688 282 712 319 v.
730 263 880 322 ael—607.

196 423 279 490 Cum
302 423 400 501 daret,
424 425 549 508 elapsae
571 426 719 491 manibus
742 426 881 493 cecidere
904 428 1048 494 tabellae.

197 529 310 596 Omine
333 532 463 596 turbata
486 533 553 596 est:
576 532 665 597 misit
687 535 804 599 tamen.
848 535 934 618 Apta
957 535 1104 602 minister

198 639 343 722 tempera
364 640 479 703 nactus
503 639 570 703 adit
591 639 754 722 traditque
777 641 913 707 latentia
935 643 1039 708 verba.

286 745 451 810 Attonitus
475 746 581 811 subita
603 746 725 813 iuvenis
748 747 952 814 Maeandrius
974 749 1023 813 ira

102 858 162 914 575
197 851 310 935 proicit
333 854 479 935 acceptas
502 853 586 918 lecta
609 853 669 918 sibi
691 856 781 937 parte
805 855 949 934 tabellas,

197 959 312 1040 vixque
334 977 450 1024 manus
473 959 613 1024 retinens
636 960 825 1044 trepidantis
849 963 889 1028 ab
912 981 965 1028 ere
988 962 1126 1030 ministri

194 1053 286 1130 ‘dum
308 1065 392 1144 11551,
415 1085 433 1131 5
456 1066 573 1133 5511155
597 1068 748 1133 scelerate
770 1068 909 1134 libidinis
933 1071 1051 1148 auctor,

198 1159 332 1255 effugel'
359 1173 421 1239 ait:
442 1160 520 1255 ‘qui,
544 1173 571 1239 si
592 1175 740 1239 nostrum
761 1176 820 1240 tua
841 1174 909 1240 iata
930 1176 1084 1259 pudorem

122 1361 123 1364 Ἴ
198 1297 261 1343 555
283 1279 448 1346 traherent
471 1299 588 1359 secum,
610 1299 727 1364 poenas
749 1282 829 1346 mihi
850 1284 954 1349 morte
977 1271 1142 1348 dedisses'.

106 1393 163 1450 580
197 1386 257 1451 1115
280 1384 363 1468 fugit
384 1386 518 1470 pavidus
542 1387 751 1470 dominaeque
774 1387 889 1454 ferocia
914 1388 1016 1455 Cauni

200 1492 285 1557 dicta
307 1491 412 1558 refert.
457 1493 562 1558 Palles
587 1493 705 1573 audita,
727 1494 831 1578 Bybli
853 1496 990 1578 repulsa,

200 1602 233 1665 et
255 1601 350 1683 pavet
373 1600 538 1666 obsessum
560 1600 687 1682 glaciali
708 1599 823 1683 in‘gcre
846 1619 969 1685 corpus.

199 1707 291 1771 Mens
313 1708 422 1772 tamen
444 1709 483 1772 ut
504 1706 607 1786 rediit,
629 1707 748 1791 pariter
770 1707 890 1774 rediere
913 1708 1044 1787 imeres,

199 1813 371 1897 linguaque
394 1813 446 1878 vix
468 1813 549 1879 tales
572 1813 635 1879 icto
659 1813 747 1879 dedit
770 1817 842 1880 aere
865 1832 973 1880 voces:

108 1928 162 1985 585
284 1908 492 1985 ζ1115551151
518 1920 594 2002 quid
617 1920 702 1986 enim
724 1920 894 1985 temeraria
916 1921 1055 1987 vulneris
1077 1922 1172 1988 huius

199 2026 350 2092 indicium
372 2026 456 2092 feci?
502 2025 595 2106 Quid,
619 2045 700 2108 quae
714 2026 855 2092 celanda
876 2026 1015 2106 fuerunt,

199 2135 267 2198 tam
291 2133 351 2199 5115
375 2133 518 2199 commisi
540 2133 716 2217 properatis
739 2133 836 2198 verba
858 2133 1008 2199 tabellis?

199 2243 282 2306 Ante
307 2244 375 2306 erat
397 2241 554 2324 ambiguis
579 2241 677 2306 animi
700 2241 858 2306 sententia
881 2240 972 2306 dictis

199 2348 462 2432 praetemptanda
484 2347 572 2412 mihi.
617 2347 665 2412 Ne
689 2366 753 2413 non
776 2349 963 2430 sequeretur
986 2349 1123 2427 euntem,

109 2461 164 2518 500
200 2456 290 2538 parte
314 2455 421 2536 aliqua
443 2455 514 2532 veli,
539 2454 642 2536 qualis
665 2453 748 2520 foret
770 2473 857 2533 aura,
879 2445 990 2521 notare

202 2560 372 2626 debueram
394 2562 529 2642 tutoque
552 2562 634 2626 mari
658 2560 832 2640 decurrere,
857 2581 938 2644 quae
961 2582 1047 2643 nunc

195 2687 264 2733 ¹nen
287 2667 456 2752 exploratis
479 2667 608 2751 implevi
630 2668 730 2733 lintea
752 2668 865 2733 555115.

201 2774 336 2841 Auferes
357 2775 392 2840 in
414 2775 558 2857 scopulos
582 2775 680 2856 igitur
703 2775 917 2856 subversaque
940 2776 1007 2840 toto

202 2883 316 2957 obruor
339 2900 464 2960 555555,
486 2899 591 2964 neque
614 2881 734 2946 habent
755 2899 828 2945 mea
850 2880 921 2946 5515
944 2899 1100 2946 recursus.

113 2993 167 3050 505
203 2988 287 3069 Quid
311 2989 395 3071 quod
418 2990 451 3054 et
474 2988 631 3053 ominibus
656 2988 751 3053 certis
774 2988 963 3071 prohibebar
986 2988 1086 3053 amori

202 3095 367 3178 indulgere
389 3114 470 3173 meo,
492 3096 565 3160 tum
587 3113 661 3160 cum
684 3094 763 3159 mihi
785 3093 867 3160 ferre
890 3095 1012 3160 iubenti

204 3203 318 3269 excidit
342 3204 374 3268 51
396 3201 471 3268 15511
494 3221 566 3286 spes
588 3203 715 3267 nostras
739 3220 812 3268 cera
834 3202 993 3269 caducas?

202 3309 314 3374 Nonne
337 3311 388 3375 551
410 3297 467 3374 illa
490 3308 556 3373 dies
579 3308 685 3374 fuerat
706 3310 758 3374 551
779 3310 848 3374 1515
870 3310 1027 3387 voluntas,

203 3416 259 3482 sed
281 3417 386 3500 potius
409 3414 564 3482 mutanda
586 3415 676 3481 dies?
721 3415 809 3481 Deus
832 3415 900 3499 ipse
922 3417 1072 3480 monebat

116 3527 168 3584 000
203 3523 358 3606 signaque
381 3525 469 3588 certa
491 3522 597 3600 dabat,
620 3522 648 3586 si
669 3540 734 3587 non
755 3522 839 3587 male
863 3540 941 3586 sana
963 3522 1105 3588 fuissem.

201 3630 245 3694 Et
267 3632 376 3695 tamen
398 3629 468 3713 ipsa
490 3628 586 3710 loqui,
608 3647 667 3694 nec
689 3646 741 3693 me
765 3629 963 3695 committere
987 3649 1076 3696 cerae

203 3736 376 3802 debueram
397 3753 611 3819 praesensque
634 3753 721 3800 meos
746 3735 867 3818 aperire
889 3735 1029 3801 furores:

202 3842 335 3907 vidisset
357 3843 514 3920 lacrimas,
536 3842 663 3908 vultum
686 3841 818 3908 vidisset
841 3842 997 3918 amantis;

203 3949 297 4034 plura
318 3949 407 4032 loqui
429 3950 582 4033 poteram,
607 3967 703 4031 quam
728 3967 808 4030 quae
832 3966 941 4032 cepere
964 3949 1111 4014 tabellae.

115 4061 168 4117 605
202 4056 308 4122 155115
330 4056 421 4140 potui
444 4054 639 4121 circumdare
662 4055 810 4120 bracchia
833 4055 911 4120 collo

204 4164 246 4241 ct,
269 4163 296 4227 si
319 4162 462 4240 reicerer‚
484 4161 575 4245 potui
596 4161 751 4226 moritura
773 4160 873 4226 videri

204 4270 417 4354 amplectique
439 4267 537 4353 pedes
562 4267 738 4351 adfusaque
761 4286 889 4352 poscere
913 4267 1021 4333 vitam.
1091 4332 1093 4335 ,
