2858 4710
161 245 225 349 198
721 279 820 350 Byblis.

251 439 365 508 Omnia
387 437 541 530 fecissem,
565 460 699 523 quorum
722 441 749 506 si
772 441 897 524 singula
920 441 1032 507 duram

249 547 376 612 flectere
398 566 462 612 non
483 549 639 632 poterant,
660 547 839 631 potuissent
861 549 975 627 omnia,
997 550 1145 613 mentem.

160 663 213 718 610
248 653 396 719 Forsitan
420 656 452 719 66
474 654 565 719 missi
588 654 630 719 sit
653 654 809 736 quaedam
832 655 925 739 culpa
946 655 1101 720 ministri:

248 779 312 826 non
335 759 414 825 adiit
436 763 508 844 apte
531 780 590 826 nec
611 761 691 843 legit
713 761 833 840 idonea,
857 763 959 840 credo,

213 884 216 899 ·
249 869 395 951 tempora
416 886 475 932 nec
496 868 589 952 petiit
610 869 784 949 horamque
808 867 1014 951 animumque
1036 871 1216 935 vacantem.

247 973 335 1039 Haec
356 991 490 1039 nocuere
512 974 600 1038 milri.
644 973 756 1056 Neque
780 975 864 1040 enim
887 975 925 1040 de
947 975 1062 1058 tigride
1084 978 1189 1056 natus,

248 1099 307 1146 nec
329 1079 446 1162 rigidas
470 1080 573 1146 silices
597 1080 771 1146 solidumve
793 1081 828 1146 in
849 1083 975 1164 pectore
998 1080 1119 1147 ferrum

160 1195 213 1252 616
250 1189 305 1252 616
328 1186 499 1251 adamanta
521 1186 604 1270 gerit
625 1205 684 1253 nec
706 1188 757 1253 lac
778 1187 858 1252 bibit
879 1188 933 1253 ille
955 1188 1093 1253 leaenae.

247 1293 411 1359 Vincetur.
455 1293 657 1377 Repetendus
682 1294 750 1370 6116,
772 1313 831 1360 166
853 1294 958 1360 taedia
981 1296 1083 1379 coepti

247 1401 315 1465 ulla
335 1400 400 1465 mei
422 1400 554 1483 capiam,
576 1400 653 1465 dum
676 1401 806 1483 spiritus
828 1400 890 1465 1666
912 1402 1063 1471 manebit.

246 1507 331 1572 Nam
352 1506 501 1591 primum,
524 1507 552 1571 si
572 1505 658 1572 iacta
680 1506 760 1571 mihi
780 1525 927 1572 revocare
949 1507 1066 1586 liceret,

247 1632 311 1678 non
333 1613 472 1696 coepisse
495 1612 572 1677 fuit:
596 1614 708 1697 coepta
730 1631 909 1696 expugnare
932 1613 1108 1678 secundum
1130 1616 1189 1679 est.

159 1728 212 1785 620
249 1718 372 1803 Quippe
394 1737 454 1785 nec
474 1719 528 1784 ille
550 1720 664 1803 potest,
687 1719 811 1784 utiam
833 1737 906 1784 mea
928 1721 1003 1784 vota
1024 1720 1217 1802 relinquam,

246 1827 440 1891 nontamen
463 1844 613 1890 ausorum
637 1844 761 1910 semper
782 1844 903 1891 memor
926 1844 995 1890 6666
1018 1844 1170 1905 meorum,

248 1934 289 2011 et,
312 1932 388 2016 quia
411 1931 566 2011 desierim,
588 1933 701 1998 1611661
723 1933 860 1999 voluisse
882 1933 1011 1998 videbor

248 2041 304 2105 aut
327 2039 423 2105 etiam
445 2041 620 2123 temptasse
641 2040 734 2105 illum
756 2039 941 2122 insidiisque
963 2040 1098 2123 petisse;

247 2146 298 2212 161
320 2147 405 2211 66166
426 2164 490 2211 161
511 2146 580 2225 hoc,
604 2147 659 2228 qui
680 2146 837 2230 plurimus
860 2148 953 2228 urget
976 2148 1009 2212 et
1031 2146 1097 2210 urit

158 2259 211 2317 625
247 2254 376 2336 pectora
397 2254 515 2331 nostra,
539 2253 605 2332 deo,
629 2253 685 2318 sed
706 2253 791 2318 victa
813 2252 941 2318 libidine
965 2253 1083 2318 credar.

246 2359 391 2441 Denique
413 2359 479 2424 iam
500 2378 622 2441 nequeo
644 2360 690 2423 nil
713 2359 906 2424 commisisse
928 2358 1111 2424 nefandum.

246 2465 290 2530 Et
312 2465 423 2548 scripsi
446 2467 478 2529 et
499 2465 595 2548 pet'':
618 2466 775 2530 temerata
797 2467 847 2531 est
868 2468 979 2531 nostra
1000 2468 1164 2540 voluntas3

246 2574 285 2637 ut
306 2571 387 2635 nihil
409 2570 553 2650 adiciam,
574 2590 638 2636 non
660 2590 791 2655 possum
813 2572 939 2637 innoxia
961 2572 1030 2638 dici.

247 2676 339 2759 Quod
362 2679 516 2760 superest,
538 2679 679 2742 multum
702 2680 751 2744 est
773 2679 806 2743 in
828 2681 911 2758 vota,
933 2679 966 2743 in
990 2680 1121 2745 crimina
1142 2665 1300 2762 parvum?

158 2794 210 2849 630
334 2783 431 2863 111116,
454 2785 487 2850 66
510 2785 775 2869 (11661666661166
798 2788 848 2850 666
870 2786 1025 2852 discordia
1046 2785 1176 2869 mentis)

246 2910 320 2957 cum
341 2891 449 2974 pigeat
471 2893 656 2976 temptasse,
678 2893 756 2957 libet
778 2894 952 2976 temptare:
975 2892 1168 2974 modumque

246 2997 311 3064 exit
333 2999 366 3062 et
387 2997 496 3062 infelix
518 2999 690 3063 committit
713 3016 805 3082 saepe
828 2998 947 3083 repelli.

245 3105 319 3169 Mox
341 3104 396 3169 ubi
417 3104 489 3169 finis
513 3106 612 3183 abest,
634 3105 772 3189 patriam
793 3103 876 3187 fugit
897 3105 951 3169 ille
973 3103 1126 3187 nefasque

245 3211 341 3295 inque
364 3211 531 3293 peregrina
552 3211 641 3295 ponit
662 3230 745 3276 nova
766 3211 891 3276 moenia
914 3213 1008 3276 terra.

156 3326 209 3382 635
333 3316 415 3380 Tum
436 3334 510 3380 vero
532 3318 689 3382 maestam
713 3318 781 3381 tota
803 3317 947 3381 Miletida
968 3319 1075 3382 mente

246 3422 396 3488 defecisse
419 3420 535 3500 ferunt,
558 3424 628 3487 tum
650 3441 723 3488 vero
747 3441 766 3487 a
788 3424 914 3506 pectore
937 3425 1060 3488 vestem
1127 3498 1128 3501 Ἴ

245 3529 376 3615 diripuit
397 3529 582 3613 planxitque
605 3547 679 3593 suos
701 3527 872 3594 furibunda
893 3529 1038 3595 lacertos.

243 3637 377 3719 Iamque
399 3636 507 3719 palam
529 3637 579 3700 est
601 3636 730 3700 demens
753 3635 1033 3717 inconcessamque
1055 3634 1180 3701 fatetur·

245 3763 334 3829 spem
357 3743 496 3818 veneris3
520 3743 588 3808 sine
613 3761 676 3825 qua
697 3743 835 3826 patriam
857 3742 1038 3823 invisosque
1061 3743 1196 3826 penates

155 3859 208 3915 640
245 3851 362 3916 deserit
385 3851 417 3916 66
439 3849 565 3934 profugi
588 3850 733 3932 sequitur
755 3848 890 3930 vestigia
912 3847 1030 3914 fratris.

243 3957 352 4039 thue
376 3959 431 4022 tuo
454 3959 568 4035 motae,
590 3957 694 4040 proles
718 3954 884 4033 Semeleia,
906 3956 1017 4038 thyrso

243 4063 396 4132 Ismariae
420 4063 581 4129 celebrant
602 4063 739 4148 repetita
761 4061 897 4128 triennia
919 4061 1065 4141 bacchae,

243 4169 380 4254 Byblida
401 4189 466 4234 non
489 4171 581 4235 aliter
603 4169 686 4235 latos
709 4168 850 4233 ululasse
873 4187 930 4252 per
953 4186 1044 4251 agros

238 4275 420 4342 Bubasides
442 4275 548 4341 videre
570 4295 681 4341 nurus.
726 4273 848 4356 Quibus
871 4274 926 4339 1116
949 4274 1068 4340 relictis
