2858 4710
477 266 534 321 uro.
553 265 610 335 vu,
629 284 654 322 v.
672 264 822 322 soa-mr.

134 427 197 494 Sed
219 429 390 512 postquam
413 425 540 493 Colchis
563 427 642 491 arsit
664 445 746 493 nova
768 429 870 510 nupta‘
892 428 1029 504 venenis,

30 543 94 601 395
131 535 384 617 flagrantemque
409 533 541 599 domum
562 533 647 616 regis
669 553 758 599 mare
781 533 861 599 vidit
883 536 1063 617 utrumque,

132 640 285 724 sanguine
308 642 458 705 natorum
481 638 684 723 perfunditur
706 640 824 723 impius
847 641 941 718 ensis,

130 749 263 830 ultaque
287 766 321 812 se
343 747 426 811 male
449 748 553 811 mater
574 746 698 812 Iasonis
722 745 834 829 effugit
856 765 955 812 arma.

219 853 303 918 Hine
325 852 497 918 Titaniacis
520 853 627 918 ablata
650 852 837 918 draconibus
859 853 961 918 intrat

126 960 291 1025 Palladias
315 978 412 1037 arceo,
436 977 517 1041 quae
540 960 582 1037 te,
605 958 784 1024 iustissima
805 959 922 1037 Phene,

35 1076 95 1134 400
130 1071 236 1150 teque,
259 1084 354 1132 senex
375 1065 521 1149 Peripha,
543 1065 664 1149 pariter
685 1065 793 1130 videre
816 1066 959 1132 volantes

129 1174 334 1254 innixamque
359 1172 455 1237 nouis
472 1174 602 1256 neptem
623 1172 845 1256 Polypemonis
869 1173 937 1238 alis.

130 1280 256 1364 Excipit
279 1281 362 1344 hanc
384 1280 518 1361 Aegeus,
541 1278 624 1344 facto
647 1278 847 1344 damnandus
869 1280 907 1344 in
926 1298 1004 1354 unm

130 1406 189 1452 neo
212 1386 291 1452 satis
313 1384 489 1474 hospitium
511 1387 577 1451 est:
600 1385 736 1450 thalami
759 1404 884 1468 quoque
907 1385 1031 1452 foedere
1054 1385 1166 1469 iungit.

1032 1583 1084 1646 40.
1111 1580 1259 1648 Meas.

218 1705 352 1788 Iamque
375 1705 486 1771 aderat
507 1705 656 1784 Tbeseus,
678 1707 782 1789 proles
804 1706 916 1789 ignara
938 1706 1071 1789 parenti,

34 1822 93 1878 405
130 1815 163 1880 et
185 1812 304 1878 virtute
328 1831 387 1878 sua
409 1813 563 1878 bimarem
585 1815 755 1896 pacaverat
775 1813 932 1878 Isthmon.

131 1920 238 1984 Huius
260 1918 295 1983 in
317 1919 448 1984 exitium
470 1919 584 1984 miscet
605 1918 719 1985 Medea
742 1918 827 2001 quod
849 1920 925 1984 olim

131 2026 287 2091 attulerat
310 2044 418 2091 secum
443 2024 599 2108 Scythicis
623 2026 769 2090 aconiton
793 2027 832 2090 ab
856 2026 928 2090 oris.

130 2131 218 2197 Illud
238 2132 419 2197 Echidneae
442 2133 660 2197 memorante
682 2131 830 2198 dentibus
853 2135 960 2197 ortum

1 2283 3 2294 J
117 2223 201 2304 ¹esse
223 2238 319 2303 oanis.
365 2237 485 2322 Specus
508 2240 558 2303 est
579 2239 745 2303 tenebroso
768 2257 881 2304 caecus
903 2238 995 2303 hiatu
1038 2259 1043 2261 ·

34 2353 93 2410 410
130 2347 164 2411 et
185 2345 237 2410 uia
259 2344 397 2423 declivis,
420 2363 477 2428 per
499 2363 597 2426 quam
618 2344 804 2428 Tirynthius
826 2346 919 2410 heros
951 2334 954 2339 ’

129 2453 306 2518 restantem
328 2453 500 2534 contraque
523 2451 608 2517 diem
629 2451 798 2534 radiosque
819 2452 974 2518 micantes

129 2558 348 2641 obliquantem
371 2559 477 2624 oculos
499 2558 588 2623 nexis
612 2557 781 2623 adamante
804 2559 925 2624 catenis

129 2664 288 2731 Cerberon
311 2665 483 2740 abstraxit3
505 2664 616 2729 rabida
639 2665 695 2746 qui
717 2665 859 2730 concitus
882 2665 930 2730 ira

128 2771 272 2855 implevit
294 2771 413 2855 pariter
435 2770 725 2836 ternislatratibus
748 2789 843 2836 auras

38 2885 92 2942 415
129 2880 163 2943 et
185 2877 302 2962 sparsit
323 2876 439 2942 virides
462 2877 583 2960 spumis
608 2877 786 2943 albentibus
811 2895 912 2959 agros.

128 2985 196 3050 Has
219 3002 381 3051 concresse
404 2984 520 3066 putant
541 2985 716 3065 nactasque
739 2983 891 3048 alimenta
913 2981 1026 3048 feracis

127 3090 318 3172 fecundique
341 3089 399 3155 soli
421 3088 504 3155 vires
527 3090 647 3173 cepisse
670 3089 814 3154 nocendi.

128 3195 218 3278 Quae
241 3197 316 3279 quia
337 3197 514 3261 nascuntur
537 3196 617 3260 dura
639 3195 759 3261 vivacia
782 3196 884 3275 caute,

128 3306 270 3386 agrestes
294 3302 419 3368 aconita
440 3304 563 3368 vocant.
606 3303 654 3367 Ea
676 3302 817 3385 coniugis
841 3304 915 3367 astu
974 3363 975 3366 ,

40 3418 93 3475 400
128 3410 196 3495 ipse
218 3428 334 3494 parens
356 3411 481 3492 Aegeus
504 3410 580 3474 nato
603 3408 741 3492 porrexit
763 3411 802 3474 ut
823 3409 917 3475 hosti.

129 3516 317 3600 Sumpserat
339 3516 450 3598 ignara
471 3515 612 3580 Theseus
636 3515 712 3580 data
734 3516 846 3598 pocula
869 3516 989 3594 dextra,
1105 3600 1107 3602 q

128 3643 203 3689 cum
225 3611 316 3707 pater
337 3623 371 3686 in
393 3623 504 3706 capulo
528 3621 626 3704 gladii
647 3622 794 3704 cognorit
816 3623 934 3687 eburno

128 3730 220 3813 signa
243 3729 294 3794 sui
316 3728 439 3811 generis
462 3726 648 3810 facinusque
671 3728 810 3793 excussit
833 3729 873 3792 ab
897 3746 959 3793 ore.

126 3835 249 3919 Effugit
270 3835 327 3900 illa
348 3854 458 3901 necem
480 3835 604 3900 nebulis
626 3852 682 3918 per
705 3834 846 3899 carmina
868 3834 972 3899 motis.

41 3946 91 4003 425
216 3944 261 4007 At
283 3942 415 4025 genitor,
438 3959 634 4023 quamquam
655 3940 794 4005 laetetur
817 3941 935 4024 sospite
957 3941 1041 4019 nato,

126 4049 283 4114 attonitus
307 4050 416 4113 tamen
438 4050 488 4113 est
509 4047 621 4130 ingena
645 4046 825 4114 discrimine
848 4065 945 4131 parvo

127 4156 284 4224 committi
305 4155 446 4240 potuisse
469 4154 567 4220 nefas.
610 4154 710 4220 Fovet
731 4153 857 4236 ignibus
880 4171 952 4219 aras

77 4258 193 4330 ¹Ovrn,
211 4261 336 4317 hiarnmr.
371 4259 423 4329 (Τ.)
1012 4260 1046 4316 10
