2858 4710
176 295 239 354 1592
735 287 835 356 syene.

263 446 362 511 Plura
383 447 470 529 loqui
491 466 623 531 nequeo.
667 448 752 513 Nam
774 448 838 512 iam
860 467 917 532 per
940 447 1073 514 candida
1094 451 1203 516 mollis

266 553 352 618 colla>
368 548 448 618 liber
471 555 578 638 serpit,
602 573 789 636 summoque
813 555 976 620 cacumine
999 555 1122 620 condor.

174 667 229 724 390
263 660 311 725 ax
334 661 432 726 oculis
454 663 612 727 removete
634 680 766 727 manus:
791 661 858 726 sine
880 681 1012 727 munere
1034 665 1141 729 vestm

266 768 414 849 contegat
435 766 585 832 inductus
608 768 776 832 morientia
797 768 920 833 lumina
943 772 1075 834 cortox.“

264 873 435 938 Desierant
457 874 553 939 simul
576 893 631 939 ora
653 875 749 957 loqui,
773 876 978 941 simulasse:
1003 877 1120 958 diuque

266 998 394 1064 corpore
417 983 543 1046 mutato
565 981 646 1045 rami
670 983 794 1046 caluere
816 969 978 1047 recentes.³

354 1087 504 1171 Dumque
527 1087 625 1153 refert
646 1088 722 1153 Iole
735 1088 858 1154 tactum
879 1088 1033 1168 mirabile,
1056 1088 1200 1172 dumque

177 1201 231 1258 395
266 1193 439 1278 Eurytidos
461 1195 610 1260 lacrimas
635 1195 760 1260 admoto
783 1196 895 1279 pollice
919 1196 1017 1261 siccat

267 1302 418 1367 Alcmene
442 1300 510 1386 (fiet
533 1303 566 1366 ot
587 1303 658 1385 ipsa
679 1301 811 1386 tamen),
834 1303 1028 1386 compescuit
1050 1321 1177 1368 omnem

266 1427 317 1473 res
339 1426 421 1473 nora
443 1408 616 1473 tristitiam.
661 1409 746 1473 Nam
767 1410 876 1474 limine
900 1410 1042 1474 constitit
1065 1410 1129 1474 alto

266 1532 366 1599 paene
388 1528 468 1598 puer
491 1513 649 1596 dubiaque
672 1517 784 1598 tegens
806 1515 956 1598 lanugine
979 1516 1081 1580 malas

268 1640 323 1686 ora
345 1619 536 1685 reformatus
559 1622 678 1705 primos
700 1620 808 1686 Iolaus
830 1622 864 1685 in
888 1640 995 1686 annos.

176 1737 231 1794 400
266 1727 336 1793 Hoc
358 1727 405 1792 illi
428 1727 558 1793 dederat
579 1727 714 1793 Iunonia
735 1729 876 1793 muneris
898 1729 997 1807 Hebe,

268 1834 352 1900 victa
374 1834 435 1899 viri
456 1836 611 1919 precibus.
657 1834 746 1914 Quae
769 1835 968 1901 cumiurare
990 1837 1119 1919 pararat

270 1941 354 2007 dona
376 1942 571 2006 tributuram
592 1944 665 2025 post
686 1943 772 2006 hunc
795 1960 828 2006 se
851 1942 930 2007 talia
951 1942 1041 2021 nulli,

267 2068 333 2114 non
356 2051 405 2113 cst
426 2066 522 2133 passa
544 2048 681 2113 Themis.
724 2037 823 2114 ‘Nam
845 2048 910 2114 iam
933 2048 1088 2114 discordia
1110 2048 1240 2114 Thebae

268 2156 352 2220 bella
374 2143 515 2220 movent'
542 2155 629 2233 dixit,
649 2143 893 2239 ‘deponensque
916 2155 979 2219 nisi
1001 2156 1041 2220 ab
1062 2154 1137 2221 Iove
1160 2156 1249 2221 vinci

178 2270 233 2327 405
268 2262 504 2346 haud'poterit,
525 2261 666 2344 fientque
688 2280 781 2345 pares
804 2262 837 2325 in
859 2263 989 2326 uulnere
1012 2262 1136 2341 iratres,

270 2368 490 2451 subductaque
514 2386 588 2432 suos
611 2386 721 2432 manes
744 2367 859 2432 tellure
883 2367 1001 2432 videbit

269 2475 360 2539 rivus
385 2474 489 2538 adhuc
511 2474 617 2548 vates3
641 2474 793 2555 ultusque
816 2475 946 2557 parente
969 2477 1135 2558 parentam

269 2581 366 2645 natus
391 2579 451 2644 erit
472 2577 556 2644 facto
578 2579 651 2662 pius
675 2581 709 2644 ct
733 2581 905 2644 sceleratus
929 2580 1055 2656 eodem;

271 2686 490 2768 attonitusque
513 2685 616 2764 malis,
641 2687 712 2750 exul
734 2686 914 2768 mentisque
938 2686 1123 2770 domusque,

175 2802 234 2857 Ι410
270 2793 412 2858 vultibus
435 2792 650 2857 Eumenidum
671 2793 846 2875 matrisque
871 2792 1042 2876 agitabitur
1065 2794 1199 2872 umbris,

272 2899 370 2965 donec
394 2919 467 2964 eum
490 2899 624 2964 coniunx
646 2898 743 2964 fatale
765 2899 943 2983 poposcerit
966 2918 1089 2978 aurum,

271 3009 505 3090 cognatumque
527 3007 614 3070 latus
637 3005 796 3088 Phegeius
819 3006 964 3071 hauserit
986 3007 1079 3071 ensis.

270 3114 352 3178 Tum
375 3113 504 3178 demum
526 3131 642 3195 magno
665 3114 753 3196 petet
774 3113 833 3177 hos
856 3114 1007 3179 Acheloia
1031 3114 1162 3198 supplex

272 3221 312 3286 ab
334 3220 408 3285 Iove
432 3219 589 3285 Callirho‘c'
612 3219 697 3283 natis
719 3218 894 3284 infantibus
918 3239 1025 3285 annos.

182 3333 235 3388 410
270 3327 359 3392 Neve
381 3325 492 3391 necem
515 3325 599 3389 sinat
623 3343 692 3390 esse
716 3325 766 3389 sui
789 3326 918 3390 cultoris
941 3327 1086 3410 inultam,

271 3433 415 3518 Iuppiter
436 3432 487 3498 his
509 3433 616 3497 motus
638 3432 801 3516 privignae
825 3432 907 3497 dona
928 3452 1095 3516 nurusque

271 3540 442 3624 praecipiet
464 3539 621 3622 facietque
645 3538 728 3603 viros
750 3540 932 3623 impubibus
956 3528 1063 3604 annis.³

1207 3735 1258 3800 54.
1281 3735 1406 3820 Byblis.

359 3859 447 3924 Haec
469 3858 524 3923 ubi
547 3858 683 3924 faticano
706 3860 832 3925 venturi
854 3858 996 3943 praescia
1019 3859 1097 3924 dixit

274 3983 325 4029 ore
348 3965 485 4044 Themis,
507 3966 593 4030 vario
617 3967 723 4049 superi
746 3984 889 4031 sermone
911 3965 1097 4044 tremebant,

115 4104 117 4106 ·
181 4079 239 4135 420
275 4073 307 4136 ct
330 4090 408 4149 „cur
429 4091 493 4136 non
517 4072 586 4136 aliis
610 4072 721 4138 eadem
744 4072 818 4138 darc
842 4072 924 4137 dona
945 4072 1078 4138 liceret“

272 4197 418 4243 murmur
441 4181 527 4243 erat:
556 4179 700 4260 queritur
721 4181 845 4245 veteres
867 4178 1043 4244 Pallantias
1067 4198 1169 4245 annos

272 4284 413 4368 coniugis
437 4302 505 4349 csso
530 4285 587 4364 sui,
612 4286 755 4368 queritur
779 4305 943 4352 canescere
965 4288 1052 4352 mitis
