2858 4710
131 284 195 341 120
627 274 753 344 Agrestes
777 276 855 345 Lycii.

306 436 332 499 E
358 436 472 518 quibus
495 455 578 500 unus
602 436 665 500 ait:
686 424 814 520 ‘Lydiae
839 456 964 519 quoque
987 437 1101 503 fertilis
1127 440 1212 520 agris

219 560 282 606 non
305 542 433 625 impune
457 542 550 607 deam
572 544 695 607 veteres
720 561 866 625 sprevere
890 543 999 608 ooloni.

217 632 438 714 Res'obsoura
461 649 589 731 quidem
612 651 661 713 est
683 649 880 730 ignobilitate
904 651 1052 727 virorum,

128 761 182 816 320
218 754 299 819 mira
322 758 439 820 tamen.
484 755 561 819 Vidi
583 773 733 838 praesens
758 756 971 838 stagnumque
995 758 1162 838 looumque

218 859 360 943 prodigio
384 864 506 926 notum.
551 861 636 925 Nam
658 880 710 926 me
733 862 797 925 iam
821 862 969 944 grandior
992 881 1068 928 aero

218 966 450 1049 impatiensque
473 968 542 1032 viae
566 969 689 1049 genitor
712 967 866 1032 deducere
891 969 989 1034 laotos

221 1072 360 1137 iusserat
382 1073 455 1138 inde
478 1075 574 1139 boves
598 1073 765 1155 gentisque
788 1074 875 1139 illius
900 1076 985 1139 eunt'

222 1179 290 1262 ipse
314 1179 429 1244 duoem
452 1181 591 1245 dederat.
637 1180 720 1246 (lum
744 1199 805 1262 quo
830 1180 904 1245 dum
929 1199 1048 1264 pasena
1071 1182 1182 1258 lustro,

129 1291 183 1347 325
220 1303 291 1351 eooe
314 1287 388 1351 laen
409 1287 514 1351 medio
538 1305 701 1352 sacrorum
723 1287 815 1368 nigra
837 1286 946 1351 favissa

112 1381 117 1391 ⁴
220 1410 275 1456 ara
298 1394 389 1456 vetus
413 1394 529 1470 stabat,
552 1393 699 1457 tremulis
723 1393 920 1457 circumdata
944 1393 1063 1457 oannis.

218 1497 352 1562 Restit't
376 1500 408 1562 et
429 1499 542 1582 pavido
566 1498 694 1576 „faveas
718 1499 820 1563 mihi“
848 1518 1012 1563 murmure
1037 1498 1115 1563 dixit

218 1603 283 1668 dux
304 1623 413 1680 meus3
439 1607 471 1670 et
494 1606 591 1670 simili
614 1605 771 1683 „faveas“
796 1623 853 1687 ego
876 1624 1039 1670 murmure
1064 1606 1136 1669 dixi.

217 1709 379 1775 Naiadum
401 1712 543 1777 Faunine
567 1711 649 1776 foret
672 1714 782 1776 tamen
805 1730 861 1777 ara
883 1712 1036 1793 rogabam

128 1821 182 1877 330
217 1816 422 1899 indigenaeve
447 1818 506 1896 dei,
529 1837 603 1883 oum
624 1818 703 1882 talia
726 1818 853 1883 rettulit
874 1818 1008 1901 hospes:

307 1924 403 2003 „Non
424 1926 494 2003 hoo,
517 1944 534 1989 o
558 1924 690 2003 iuvenis,
712 1926 902 1990 montanum
924 1943 1044 1989 numen
1065 1924 1099 1988 in
1123 1942 1177 1989 ara
1201 1927 1267 1990 est:

218 2030 274 2095 illa
297 2049 390 2096 suam
412 2034 505 2097 vooat
527 2032 619 2109 hano,
643 2032 691 2096 oui
717 2031 878 2113 quondam
900 2031 988 2113 regia
1011 2030 1146 2095 ooniunx

219 2138 327 2202 orbem
348 2138 521 2216 interdixit,
546 2157 644 2220 quam
666 2138 718 2203 vix
740 2137 877 2202 erratiea
899 2135 997 2202 Delos

218 2246 364 2309 orantem
387 2245 516 2327 aooepit,
539 2246 610 2308 tum
634 2263 707 2308 oum
729 2244 808 2309 levis
831 2244 936 2308 insula
958 2245 1065 2308 nabat.

127 2355 181 2411 335
217 2348 288 2414 Illio
310 2351 497 2415 inoumbens
521 2369 594 2414 oum
617 2349 758 2414 Palladis
782 2351 892 2414 arbore
914 2351 1040 2433 palmae
1137 2362 1138 2365 ’

219 2456 317 2520 edidit
339 2456 440 2520 inrita
463 2456 605 2538 geminos
628 2456 752 2520 Latona
774 2474 917 2520 noverea.

216 2561 302 2627 Hine
325 2581 450 2645 quoque
473 2562 630 2627 Iunonem
653 2561 772 2644 fugisse
796 2580 952 2645 puerpera
975 2560 1077 2626 fertur

217 2668 314 2750 inque
338 2687 396 2734 suo
418 2672 563 2752 portasse
588 2669 669 2746 sinu,
692 2668 754 2732 duo
777 2668 918 2744 numina,
941 2671 1042 2732 natos.

219 2774 353 2857 Iamque
379 2774 635 2852 Chimaeriferae,
659 2793 734 2840 oum
757 2775 805 2838 sol
829 2774 933 2856 gravis
956 2777 1063 2838 ureret
1087 2792 1170 2851 arra,

127 2889 181 2945 340
216 2879 332 2947 finibus
355 2882 389 2946 111
411 2882 528 2966 Lyciae
551 2883 645 2964 longo
669 2881 727 2946 dea
750 2880 834 2946 fessa
857 2881 964 2944 labore

217 2988 338 3054 sidereo
362 2989 480 3055 siooata
504 2989 592 3053 sitim
615 2987 753 3069 conlegit
776 2988 816 3052 ab
840 2988 939 3063 aestu,

216 3095 376 3177 uberaque
400 3096 565 3161 ebiberant
588 3093 673 3159 aridi
695 3093 849 3158 laetantia
871 3093 948 3157 nati.

215 3200 309 3265 Forte
332 3202 439 3266 laeum
461 3200 628 3265 mediocris
652 3217 754 3280 aquae
776 3199 938 3282 prospexit
960 3198 994 3262 in
1016 3199 1088 3262 imis

215 3307 368 3382 vallibus;
393 3309 535 3389 agrestes
558 3305 623 3370 illio
646 3304 799 3369 frutioosa
820 3305 968 3386 legebant

125 3420 179 3476 345
215 3413 335 3478 vimina
358 3432 432 3479 eum
454 3413 555 3477 iunois
580 3413 769 3494 gratamque
792 3411 962 3494 paludibus
985 3411 1103 3475 ulvam.

152 3560 155 3566 ·
214 3521 359 3586 Aooessit
381 3520 547 3604 positoque
571 3537 655 3601 genu
678 3517 805 3582 Titania
828 3518 949 3582 terram

214 3628 340 3711 pressit,
363 3628 401 3692 ut
423 3627 567 3691 hauriret
591 3625 711 3707 gelidos
733 3625 849 3708 potura
871 3623 1019 3704 liquores.

213 3735 346 3800 Rustioa
369 3734 464 3799 turba
487 3734 583 3798 vetat.
628 3730 697 3796 Dea
721 3731 767 3795 sio
790 3729 899 3795 adfata
921 3730 1084 3793 vetantes:

215 3839 333 3920 „buia
357 3840 531 3924 prohibetis
555 3838 670 3920 aquis?
693 3856 772 3902 usus
796 3834 973 3902 eommunis
997 3851 1155 3915 aquarum
1178 3833 1236 3898 est.

124 3955 178 4012 350
214 3946 282 4013 Neo
305 3948 404 4012 solem
426 3945 590 4030 proprium
612 3945 730 4009 natura
753 3962 811 4008 neo
835 3946 909 4006 aira
932 3940 1007 4005 feeit

214 4037 272 4120 1133
294 4055 407 4119 tenues
431 4051 551 4117 undas:
575 4053 615 4116 ad
638 4049 765 4134 publiea
786 4066 920 4113 munera
943 4046 1024 4111 reni.

214 4160 303 4241 Quae
327 4163 437 4225 tamen
459 4161 496 4222 ut
519 4159 610 4235 detis,
634 4156 766 4239 supplex
788 4158 870 4238 peto.
915 4153 988 4217 Non
1012 4170 1068 4234 ego
1092 4152 1218 4214 nostros

215 4269 342 4334 abluere
365 4267 418 4331 hio
441 4266 530 4329 artus
553 4266 739 4343 lassataque
762 4261 905 4326 membra
928 4259 1089 4342 parabam,
