2858 4710
172 269 236 327 180
395 256 578 327 Erysichthon.
615 256 714 311 Fames.
749 257 806 312 Lib.
824 256 895 326 vm,
913 275 937 312 v.
956 256 1107 313 858-884.

258 418 405 485 credulus
429 419 462 483 et
483 419 599 496 nullos,
620 417 683 482 nisi
705 417 795 496 fixus,
818 418 936 483 sentiat
957 418 1087 483 hamos:

259 543 340 609 quae
363 524 456 590 modo
481 544 554 590 oum
576 523 632 590 vili
654 525 792 590 turbatis
815 527 903 590 reste
926 519 1047 608 oapillis

168 640 221 696 860
255 632 348 698 litore
370 632 404 696 in
426 632 486 696 hoo
508 632 650 708 steterat,
672 649 748 696 nam
772 632 911 696 stantem
932 632 967 695 in
988 632 1080 696 litore
1102 630 1176 709 vidi,

257 739 308 804 dio
329 738 384 803 ubi
406 739 465 802 sit:
487 755 591 819 neque
615 737 700 801 enim
722 738 857 820 vestigia
879 738 1004 820 longius
1027 739 1180 803 exstant.“

255 845 318 910 Illa
340 844 391 910 dei
412 863 530 910 munus
553 844 633 908 bene
656 843 766 908 oedore
790 844 891 909 sensit
914 846 947 909 et
969 864 989 909 a
1013 863 1046 910 se

256 970 290 1016 se
314 951 423 1032 quaeri
445 950 596 1031 gaudens,
618 950 669 1015 his
693 952 742 1015 est
764 952 911 1016 resecuta
933 952 1115 1033 rogantem:

258 1055 432 1139 „Quisquis
457 1075 499 1135 es,
521 1057 683 1140 ignosoas;
705 1057 740 1120 in
761 1057 884 1122 nullom
907 1057 1029 1122 lumina
1051 1060 1176 1141 partem

169 1171 222 1228 865
258 1163 383 1246 gurgite
406 1165 446 1229 ab
468 1165 528 1229 hoo
549 1163 623 1229 flexi
646 1163 813 1245 studioque
836 1166 985 1247 operatus
1008 1164 1139 1229 inhaesi.

259 1268 391 1353 Quoque
414 1270 520 1336 minus
544 1270 679 1348 dubites,
703 1271 749 1335 sio
770 1271 829 1335 has
853 1271 932 1336 deus
955 1271 1102 1353 aequoris
1126 1273 1212 1337 artes

261 1376 397 1455 adiuvet,
419 1379 458 1441 ut
479 1396 572 1442 nemo
595 1376 783 1443 iamdudum
804 1377 896 1442 litore
919 1377 953 1440 in
975 1377 1048 1455 isto,

256 1500 307 1547 me
330 1484 439 1547 tamen
462 1485 599 1567 excepte,
621 1501 680 1548 neo
702 1482 820 1547 famina
844 1483 987 1547 eonstitit
1008 1483 1102 1548 uHa.“

345 1587 486 1654 Credidit
508 1590 541 1653 et
562 1607 652 1653 verso
675 1588 821 1653 dominus
843 1589 923 1672 pede
945 1589 1063 1672 pressit
1085 1590 1244 1656 harenam

168 1703 222 1758 870
258 1693 430 1776 elususque
454 1695 549 1760 abiit:
573 1694 620 1758 illi
644 1713 702 1759 sua
725 1694 850 1760 reddita
872 1694 974 1760 forma
997 1696 1055 1760 est.

344 1802 405 1866 Ast
427 1801 482 1867 ubi
504 1801 620 1867 habere
644 1819 736 1867 suam
757 1801 962 1866 transformia
985 1820 1115 1886 oorpora
1138 1803 1247 1882 sensit,

255 1925 349 1990 saepe
371 1909 463 1992 pater
486 1907 620 1973 dominis
643 1908 810 1992 Triopeida
832 1908 940 1973 tradit.
985 1908 1106 1973 Atilia

255 2033 341 2079 nuno
364 2033 453 2097 equa,
475 2034 561 2081 nuno
584 2016 658 2093 ales,
680 2015 774 2080 modo
800 2016 862 2093 bos,
884 2014 976 2080 modo
1000 2034 1111 2080 oervus
1135 2015 1244 2082 abibat

255 2120 490 2204 praebebatque
514 2121 604 2187 avido
626 2141 691 2186 non
713 2123 800 2186 iusta
822 2122 976 2187 alimenta
998 2122 1132 2205 parenti.

168 2232 221 2291 875
258 2226 317 2292 Vis
339 2230 450 2294 tamen
471 2229 527 2293 illa
549 2229 627 2294 mali
648 2229 819 2311 postquam
842 2230 1084 2312 consumpserat
1106 2246 1233 2294 omnem

242 2329 424 2400 'materiam
447 2334 641 2416 dederatque
665 2334 754 2416 gravi
775 2352 857 2398 nova
878 2335 996 2417 pabula
1017 2335 1135 2414 morbo,

255 2440 324 2524 ipse
347 2459 421 2505 suos
446 2442 535 2504 artus
558 2440 662 2504 laoero
686 2439 832 2505 divellere
855 2459 965 2504 morsu
1034 2492 1036 2495 .

255 2547 358 2629 eoepit
381 2548 414 2611 et
436 2545 544 2610 infelix
566 2545 737 2611 minuendo
761 2565 873 2630 eorpus
897 2547 1011 2612 alebat.

350 2650 434 2731 Quid
455 2671 560 2718 moror
583 2653 744 2718 externis?
767 2653 874 2718 Etiam
896 2653 976 2720 mihi
997 2673 1110 2738 nempe
1132 2655 1275 2720 novandi
1299 2659 1353 2722 est

167 2768 220 2824 880
256 2759 404 2842 eorporis,
427 2779 445 2824 o
467 2759 599 2838 iuvenis,
621 2778 755 2826 numero
777 2760 868 2825 finita
889 2762 1041 2844 potestas.

255 2864 340 2931 Nom
362 2866 454 2933 modo
479 2867 534 2949 qui
555 2885 641 2932 nuno
664 2885 736 2932 sum
758 2866 874 2945 videor,
897 2867 990 2932 modo
1013 2867 1124 2932 fleotor
1145 2866 1180 2931 in
1203 2885 1361 2951 anguem,

255 2974 392 3039 armenti
413 2974 506 3039 modo
530 2973 593 3038 dux
615 2974 698 3039 vires
723 2973 757 3037 in
780 2992 897 3038 oornua
920 2992 1020 3052 sumo,
1043 3010 1086 3020 -

256 3098 381 3159 oornua,
405 3081 482 3146 dum
504 3081 610 3164 potui!
644 3099 730 3145 nuno
752 3098 826 3164 pars
850 3081 937 3145 oaret
961 3081 1062 3144 altera
1083 3080 1148 3145 telo

257 3185 379 3264 frontis,
402 3188 440 3251 ut
462 3187 529 3270 ipse
553 3174 657 3251 vides'
708 3186 853 3252 Gemitus
877 3188 953 3250 sunt
976 3187 1072 3251 verba
1096 3185 1206 3251 seouti.
