2858 4710
556 280 611 334 Lib.
630 279 663 345 X,
682 297 705 334 r.
724 279 874 334 ace-277.
1256 288 1319 346 211

1047 530 1096 591 60.
1118 525 1321 611 Pygmalion.
1346 615 1349 620 Ι

279 651 365 733 Quas
391 655 465 736 quia
487 654 675 738 Pygmalion
699 672 813 717 aerum
835 672 892 737 per
916 653 1036 718 crimen
1059 655 1189 735 agentes

186 761 319 839 viderat,
343 761 479 826 offensus
502 762 597 838 vitiis,
622 778 702 841 qnae
725 759 864 842 plurima
885 759 987 824 menti

91 875 149 930 245
189 867 344 933 femineae
366 870 483 933 natura
506 867 602 944 dedit,
626 867 693 931 sine
718 867 848 948 coniuge
873 867 996 931 caelebs

187 975 314 1038 vivebat
337 975 533 1056 thalamique
557 974 611 1037 diu
635 975 778 1038 consorte
803 974 939 1038 carebat.

187 1081 316 1146 interea
338 1082 467 1146 niveum
489 1081 572 1145 mira
594 1080 728 1145 feliciter
752 1081 819 1144 arte

188 1188 322 1272 sculpsit
345 1189 422 1253 ebur
444 1186 642 1268 famamque
666 1186 761 1263 dedit,
785 1204 848 1267 qua
870 1186 989 1251 femina
1011 1187 1099 1252 nasci

187 1295 278 1358 nulla
299 1296 422 1377 potest:
447 1295 612 1377 operisque
637 1293 686 1358 sui
710 1294 853 1376 concepit
877 1311 1026 1358 amorem.

91 1407 149 1462 250
186 1399 327 1483 Virginis
352 1403 401 1466 555
424 1420 517 1465 verae
540 1399 646 1478 facien,
670 1419 767 1481 quam
790 1400 895 1465 rivere
920 1401 1038 1479 credas,

189 1509 230 1585 ct,
253 1509 281 1572 si
302 1527 367 1573 non
390 1509 496 1573 obstet
518 1508 704 1586 reverentia,
727 1509 807 1574 velle
830 1510 966 1574 moveri:

187 1633 239 1678 ars
263 1615 339 1679 adeo
362 1616 443 1679 latet
466 1617 534 1679 arte
559 1633 626 1679 sua.
671 1616 809 1680 Miratur
832 1619 864 1681 et
886 1617 995 1681 haurit

187 1724 314 1804 pectore
335 1721 524 1804 Pygmalion
548 1722 691 1786 simulati
714 1724 851 1805 corporis
875 1724 973 1806 ignes.

190 1827 289 1911 Saepe
312 1847 426 1892 manus
451 1829 536 1911 operi
560 1830 755 1910 temptantes
779 1830 935 1907 admovet,
959 1847 1000 1893 an
1024 1829 1065 1894 sit

94 1942 150 1997 255
188 1954 300 2018 corpus
324 1954 365 1999 an
387 1935 468 2000 illud
491 1936 584 2023 ebur:
607 1954 666 1999 nec
690 1935 792 2000 adhuc
816 1937 893 2000 ebur
916 1954 985 2000 5555
1008 1934 1137 1999 fatetur.

189 2040 305 2106 Oscula
328 2042 385 2107 dat
406 2042 558 2124 reddique
581 2044 684 2127 putat,
708 2043 911 2125 loquiturque
934 2044 1095 2124 tenetque,
1121 2117 1125 2126 Ι

189 2150 221 2212 55
244 2149 344 2213 credit
367 2149 462 2213 555515
486 2149 601 2231 digitos
623 2149 759 2214 insidere
782 2150 942 2227 membris,

189 2256 221 2318 et
243 2254 367 2333 metuit,
390 2274 515 2339 pressos
539 2256 646 2320 veniat
669 2275 708 2320 ne
732 2257 811 2322 livor
833 2257 867 2320 in
890 2259 989 2321 artus.

185 2361 228 2441 Et
249 2361 343 2425 modo
366 2362 537 2427 blanditias
562 2363 699 2445 adhibet,
722 2364 816 2428 modo
840 2366 931 2446 grata
953 2363 1068 2447 puellis

94 2475 150 2529 265
185 2486 318 2532 munera
341 2468 404 2535 fert
425 2468 473 2533 illi
496 2471 630 2534 conchas
653 2472 834 2551 teretesque
858 2471 982 2554 lapillos

186 2576 218 2638 et
240 2594 353 2658 parvas
377 2577 519 2640 volucres
544 2581 576 2640 et
598 2576 691 2640 fiores
714 2577 802 2641 mille
826 2579 966 2641 colorum

96 2725 101 2733 -
184 2682 315 2763 liliaque
336 2682 503 2765 pictasque
525 2683 607 2766 pilas
632 2685 664 2747 et
687 2684 726 2747 ab
751 2684 861 2748 arbore
885 2685 991 2766 lapsas

185 2787 357 2853 Heliadum
379 2789 543 2864 lacrimas3
567 2790 659 2852 ornat
683 2808 807 2870 quoque
832 2790 972 2853 vestibus
997 2791 1095 2867 artus,

186 2895 241 2959 dat
264 2896 372 2978 digitis
396 2914 549 2977 gemmae,
573 2895 629 2959 dat
650 2894 745 2976 longa
767 2895 898 2959 monilia
921 2896 1017 2960 collo:

98 3007 150 3062 255
188 3019 263 3068 aure
286 3003 372 3068 leves
396 3003 501 3079 bacae,
524 3001 710 3065 redimicula
732 3004 858 3083 pectore
881 3002 1027 3084 pendent.

185 3107 308 3173 Cuncta
332 3109 461 3175 decent:
484 3127 543 3181 nec
564 3107 651 3172 nuda
673 3108 780 3172 minus
803 3107 942 3173 formosa
964 3109 1098 3173 videtur.

186 3214 338 3280 Conlocat
359 3217 442 3282 hanc
465 3215 575 3280 stratis
600 3215 719 3279 concha
743 3214 890 3280 Sidonide
913 3216 1023 3280 tinctis

184 3323 386 3404 appellatque
410 3322 471 3387 tori
494 3323 621 3400 sociam,
645 3323 863 3403 acclinataque
888 3323 968 3386 eolla

184 3428 333 3492 mollibus
356 3428 389 3492 in
411 3429 537 3512 plumis,
561 3431 728 3510 tamquam
751 3447 892 3506 sensura,
914 3430 1046 3512 reponit.

96 3539 148 3596 275
272 3536 368 3600 Festa
391 3536 457 3600 dies
481 3535 614 3600 Veneris
638 3537 708 3599 5555
731 3537 934 3600 celeberrima
959 3535 1061 3619 Cypro

184 3644 323 3719 venerat,
347 3644 379 3706 et
401 3642 513 3725 pandis
536 3641 685 3706 inductae
709 3644 855 3706 cornibus
879 3661 993 3706 aurum

185 3749 389 3813 conciderant
410 3749 493 3813 ictae
515 3749 607 3813 nivea
630 3749 749 3813 cervice
772 3749 932 3825 iuvencae,

182 3858 319 3937 turaque
342 3853 527 3919 firmabant:
552 3875 625 3919 cum
647 3873 778 3918 munere
802 3853 930 3919 functus
954 3854 994 3918 ad
1018 3872 1089 3918 aras

183 3961 325 4026 constitit
349 3964 381 4026 55
403 3961 523 4039 timide,
547 3963 596 4040 „si
619 3962 651 4025 di
674 3961 749 4025 dare
773 3963 888 4026 cuncta
910 3961 1054 4044 potestis,

93 4074 145 4130 275
182 4069 224 4132 515
247 4069 389 4145 coniunx,
413 4069 509 4150 opto“
533 4068 608 4149 (non
632 4087 729 4134 ausus
753 4069 916 4146 „eburnea
939 4067 1049 4149 rirgc“

181 4174 297 4258 dicere)
319 4174 509 4257 Pygmalion
532 4175 668 4252 „similis
691 4180 787 4239 mea“
811 4175 890 4238 dixit
913 4175 1117 4252 „eburnae“.,

182 4280 296 4357 Sensit,
320 4282 358 4343 ut
380 4281 450 4362 ipsa
474 4279 539 4343 suis
564 4281 674 4345 aderat
696 4281 807 4345 Venus
832 4300 928 4346 aurea
951 4280 1051 4362 festis,
