2858 4710
566 278 622 332 155.
641 278 687 346 vr,
707 297 729 332 v.
749 279 871 335 55-55..

194 441 297 523 qualis
325 440 364 503 ab
389 439 491 504 imbre
516 439 598 503 solet
620 440 778 523 percussis
802 439 920 504 solibus
945 458 1037 505 arcus

196 547 322 613 inficere
345 545 468 627 ingenti
491 545 624 626 longum
648 545 829 610 curvamine
853 546 994 610 caelum:

125 661 159 717 65
195 654 229 717 in
254 672 317 735 quo
342 651 459 716 diversi
481 650 606 716 niteant
629 670 702 716 oum
724 652 812 716 mille
835 651 963 733 colores,

196 760 353 824 transitus
377 758 445 840 ipse
468 759 578 821 tamen
602 757 781 840 spectantia
803 757 926 822 lumina
949 757 1050 833 fallit3

195 883 297 947 usque
321 865 400 929 adeo
425 862 510 945 quod
532 863 638 944 tangit
659 863 745 927 idem
768 866 826 940 est,
849 866 958 929 tamen
981 864 1096 931 ultima
1118 864 1249 931 distant.

194 971 266 1036 Illic
289 973 323 1035 et
344 971 469 1033 lentum
491 968 554 1033 filis
576 969 752 1034 inmittitur
775 988 890 1035 aurum

194 1079 342 1142 etvetus
365 1077 399 1138 in
421 1075 488 1140 tela
510 1074 678 1139 deducitur
701 1078 936 1157 argumentum.
971 1126 972 1129 ,

124 1191 158 1246 70
284 1181 437 1264 Cecropia
458 1181 566 1245 Pallas
591 1181 758 1264 scopulum
780 1182 935 1247 Mavortis
958 1181 992 1246 in
1016 1200 1088 1248 arce

196 1289 300 1372 pingit
323 1291 356 1353 et
378 1287 545 1368 antiquam
568 1287 607 1353 de
631 1289 736 1352 terrae
759 1288 887 1352 nomine
909 1288 1010 1352 litem.

284 1394 340 1459 Bis
365 1412 419 1458 sex
443 1393 595 1458 caelestes
618 1393 722 1459 medio
744 1393 819 1458 Iove
842 1393 970 1459 sedibus
993 1394 1068 1459 altis

195 1503 333 1584 augusta
356 1499 512 1582 55555555
537 1499 658 1564 sedent.
705 1499 772 1564 Sua
796 1518 954 1582 quemque
977 1499 1110 1566 deorum

193 1607 339 1673 inscribit
360 1606 476 1671 facies:
500 1605 584 1670 Iovis
608 1607 659 1670 555
680 1605 797 1687 regalis
821 1605 935 1687 imago.

124 1721 158 1775 75
196 1714 288 1779 Stare
311 1712 407 1778 deum
428 1712 535 1796 pelagi
557 1713 716 1795 longoque
739 1711 832 1777 ferire
855 1711 995 1777 tridente

195 1839 307 1904 aspera
331 1838 407 1884 saxa
429 1819 515 1896 facit,
536 1818 705 1901 medioque
729 1838 745 1883 5
770 1819 900 1884 vulnere
924 1818 993 1883 saxi

195 1926 358 1991 exsiluisse
381 1925 511 2001 fretum,
534 1943 596 2006 quo
618 1926 749 2007 pignore
771 1925 911 1990 vindicet
933 1925 1062 2000 urbem;

195 2034 229 2094 at
252 2031 312 2095 sibi
336 2030 393 2094 dat
415 2031 563 2113 chpcum‚
586 2028 642 2093 dat
666 2033 779 2094 acutae
803 2030 943 2113 cuspidis
965 2031 1103 2109 hastam,

195 2136 250 2201 dat
273 2136 398 2217 galeam
421 2135 526 2217 capiti,
549 2134 730 2200 defenditur
753 2135 862 2217 aegide
885 2139 1008 2218 pectus,

124 2250 159 2305 80
195 2259 444 2326 percussamque
468 2259 527 2305 sua
551 2241 683 2305 simulat
706 2241 744 2306 dc
768 2240 897 2324 cuspide
919 2244 1041 2309 terram

195 2350 287 2439 edere
311 2366 385 2413 cum
408 2347 495 2412 bacis
518 2346 623 2413 fetum
647 2348 790 2413 canentis
814 2349 914 2413 olivae

194 2455 368 2537 mirarique
391 2453 485 2518 deos:
509 2453 612 2536 operis
634 2453 767 2519 victoria
789 2453 870 2518 finis.

194 2561 241 2627 Ut
264 2563 374 2625 tamen
396 2559 549 2642 exemplis
572 2559 741 2642 intellegat
762 2559 889 2624 aemula
911 2559 1025 2638 laudis,

195 2667 279 2750 quod
301 2666 441 2750 pretium
464 2667 570 2748 speret
591 2683 649 2746 pro
672 2666 740 2730 tam
763 2663 931 2730 furialibus
955 2665 1051 2743 ansis,

123 2783 158 2837 85
195 2775 347 2856 quattuor
369 2771 403 2835 in
426 2773 534 2855 partes
557 2771 733 2834 certamina
755 2772 909 2852 quattuor
932 2770 1030 2847 addit

194 2881 280 2944 clara
303 2879 405 2942 colore
429 2895 496 2952 suo,
518 2876 665 2941 brevibus
689 2875 839 2941 distincta
862 2877 985 2958 sigillis.

283 2983 461 3047 Threiciam
483 2981 657 3066 Rhodopen
679 2983 778 3047 habet
801 2983 939 3065 angulus
962 3002 1047 3047 unus
1070 2985 1104 3048 et
1124 2982 1296 3064 Haemum,

194 3109 279 3156 nunc
303 3088 422 3171 gelidos
444 3089 579 3165 montes,
602 3088 753 3154 mortalia
775 3106 906 3171 corpora
929 3086 1098 3170 quondam,

193 3197 324 3263 nomina
347 3213 546 3261 summorum
570 3195 629 3260 sibi
653 3195 709 3277 qui
731 3195 870 3260 tribuere
894 3194 1035 3259 deorum.

124 3313 160 3368 90
196 3304 306 3368 Altera
328 3301 507 3385 Pygmaeae
531 3299 636 3366 fatum
657 3301 840 3365 miserabile
863 3300 978 3366 matris

194 3428 269 3494 pars
291 3409 405 3474 habet:
428 3409 512 3473 hano
534 3408 615 3473 Iuno
638 3408 757 3474 victam
780 3407 955 3473 cartamine
978 3407 1073 3472 iussit

195 3533 265 3580 5555
288 3532 400 3597 gruem
422 3514 611 3597 populisque
635 3514 701 3579 suis
724 3513 862 3579 indicere
880 3513 1015 3592 tellum.

193 3620 301 3685 Pinxit
324 3623 357 3686 55
378 3620 559 3702 Antigonen
583 3638 696 3685 ausam
719 3618 908 3685 contendere
932 3618 1092 3701 qnondam

196 3747 270 3793 oum
292 3727 402 3809 magni
425 3729 568 3792 consorte
590 3725 685 3804 Iovis,
709 3714 806 3808 quam
827 3725 916 3808 regia
937 3724 1019 3791 Iuno

123 3842 158 3897 95
193 3834 227 3898 in
249 3834 411 3899 volucrem
434 3833 547 3908 verdt3
570 3850 630 3898 neo
651 3831 772 3916 profuit
793 3831 876 3897 Ilion
898 3831 946 3896 illi

196 3939 416 4006 Laomedonve
438 3942 539 4023 pater,
562 3939 699 4023 sumptis
723 3938 799 4020 quin
823 3936 958 4002 candida
979 3937 1092 4020 pennis

194 4048 264 4130 ipsa
287 4046 347 4112 sibi
368 4046 502 4130 plaudat
524 4046 699 4130 crepitante
723 4044 843 4109 ciconia
864 4046 977 4109 rostro.

194 4151 257 4232 Qui
281 4154 425 4236 superest
448 4151 544 4229 aolus,
567 4150 706 4234 Cinyran
729 4151 827 4216 hahet
849 4150 987 4232 angulus
1010 4152 1140 4227 orbum3

193 4259 284 4341 isque
308 4259 425 4343 gradus
448 4258 569 4340 templi,
591 4260 741 4322 natarum
763 4257 908 4322 membra
931 4274 1077 4332 suarum„

1096 4357 1141 4409 g*
