2858 4710
542 286 598 340 Lib.
617 286 662 352 VI,
681 303 705 342 v.
725 284 876 341 389-460.

189 448 353 514 Threioius
377 449 494 512 Tereus
516 448 597 510 haeo
620 445 825 510 auxiliaribus
849 446 946 510 armis

101 566 154 620 425
190 556 318 620 fuderat
341 557 374 618 61
396 554 519 618 olorum
542 552 695 617 vinoendo
717 570 834 616 nomen
857 552 1004 616 habebat.

189 661 293 741 Quem
316 660 376 724 sibi
398 652 543 723 Pandion
566 658 742 740 opibusque
764 658 903 740 virisque
927 660 1091 740 potentem

189 770 222 833 et
245 785 345 850 genus
370 784 390 829 a
410 783 527 847 magno
550 764 720 829 dueentem
743 764 825 828 forte
850 763 988 829 Gradivo

190 873 323 939 oonubio
345 871 488 953 Prognes
510 871 622 935 iunxit.
667 871 740 935 Non
761 870 906 953 pronuba
928 870 1017 946 Iuno,

188 999 252 1045 non
274 979 482 1061 Hymenaeus
505 976 605 1054 adest,
627 995 692 1040 non
714 977 762 1039 illi
785 975 897 1041 Gratia
920 977 1019 1040 leoto:

100 1098 154 1152 430
189 1085 382 1151 Eumenides
405 1085 537 1148 tenuere
560 1082 646 1147 11666
670 1082 708 1147 de
731 1082 843 1146 funere
866 1084 984 1164 raptas

189 1191 382 1258 Eumenides
407 1191 548 1254 stravere
572 1191 686 1266 torum,
710 1190 859 1268 teotoque
882 1187 1032 1270 profanus

188 1299 334 1364 inoubuit
356 1297 440 1361 bubo
463 1295 660 1377 thalamique
683 1295 717 1359 in
740 1294 877 1358 eulmine
902 1294 992 1359 sedit.

188 1406 259 1470 Hao
282 1422 339 1469 ave
363 1402 523 1467 ooniunoti
544 1400 668 1483 Progne
690 1401 884 1481 Tereusque,
907 1403 1056 1482 parentes

189 1513 251 1576 hae
274 1528 331 1575 ave
355 1511 432 1573 sunt
453 1507 539 1572 faeti.
585 1506 721 1572 Gratata
744 1508 794 1571 661
817 1506 937 1571 66111661
958 1507 1022 1570 11116
1153 1552 1155 1554 ψ

102 1628 156 1684 435
191 1617 334 1694 Thracia,
357 1609 470 1698 disque
493 1615 555 1698 ipsi
578 1616 684 1697 grates
709 1632 801 1696 egere
824 1613 981 1696 diemque,

191 1741 317 1807 quaque
341 1722 417 1786 data
439 1723 490 1786 661
512 1723 597 1787 61116
619 1720 781 1786 Pandione
803 1722 881 1785 nata
905 1722 1049 1803 tyranne,

191 1847 318 1912 quaque
342 1830 412 1893 6111
434 1830 525 1893 ortus
547 1827 628 1910 Itys,
650 1826 769 1892 festum
792 1827 913 1891 iussere
936 1828 1049 1892 vocari.

189 1937 302 2017 Usque
325 1934 403 1998 adeo
424 1934 506 1998 latet
528 1934 661 1997 utihtas.
705 1933 778 1997 Iam
799 1935 943 2015 tempora
966 1934 1060 1997 Titan

191 2042 331 2128 quinque
355 2058 411 2123 per
435 2041 607 2104 autumnos
630 2039 759 2121 repetiti
781 2039 915 2103 duxerat
938 2040 1021 2115 anni,

101 2158 154 2213 440
191 2166 265 2213 oum
287 2146 431 2211 blandita
453 2146 519 2210 viro
542 2145 666 2227 Progne
687 2133 729 2208 ‘si
751 2132 867 2227 gratia'
893 2145 972 2209 dixit

188 2241 269 2318 ‘ulla
291 2270 364 2316 mea
387 2254 444 2330 est,
467 2253 519 2316 vel
541 2270 593 2316 me
616 2251 782 2315 visendam
804 2251 897 2316 mitte
921 2252 1029 2327 sorori,

191 2361 242 2425 vel
265 2377 353 2423 soror
375 2359 439 2422 huo
461 2358 585 2429 veniat!
609 2357 786 2422 redituram
808 2359 950 2440 tempore
974 2376 1069 2440 parvo

190 2465 358 2549 promittes
382 2483 505 2529 sooero:
528 2464 638 2547 magni
659 2465 740 2528 mihi
761 2464 902 2528 muneris
925 2464 1029 2528 instar

192 2589 378 2654 germanam
400 2570 518 2635 vidisse
542 2558 659 2634 dabis'.
704 2570 799 2634 Iubet
821 2570 875 2634 ille
899 2570 1023 2634 oarinas
1146 2592 1149 2599 ¹

102 2685 156 2742 445
191 2678 225 2741 in
247 2677 331 2742 freta
354 2677 467 2742 deduoi
488 2678 622 2758 veloque
646 2679 679 2741 61
700 2676 820 2759 remige
842 2678 954 2759 portus

193 2783 359 2865 Cecropios
382 2782 483 2849 intrat
505 2782 682 2863 Piraeaque
704 2782 799 2846 litora
822 2783 935 2863 tangit

281 2889 328 2954 Ut
349 2889 490 2971 primum
513 2888 614 2952 666611
637 2887 713 2952 data
736 2888 833 2971 eopia,
856 2887 986 2952 dextera
1009 2888 1138 2952 dextrae

191 2995 343 3076 iungitur,
366 2995 399 3058 61
422 2992 528 3058 fausto
551 2993 762 3058 committitur
785 2993 889 3057 omine
914 3011 1025 3057 sermo.

193 3101 350 3183 Coeperat
372 3100 529 3167 adventus
553 3117 692 3178 oausam,
716 3099 869 3164 mandata
891 3099 1008 3181 referre

102 3215 157 3271 450
194 3206 336 3288 ooniugis
360 3208 394 3270 et
416 3206 534 3270 6616166
556 3205 673 3270 missae
697 3206 851 3289 spondere
873 3224 1038 3270 reoursus:

194 3330 265 3378 6666
287 3312 376 3377 venit
397 3330 513 3394 magno
537 3312 624 3376 dives
646 3311 824 3377 Philomela
845 3315 972 3395 paratu,

193 3418 321 3483 divitior
342 3418 462 3483 forma:
487 3419 597 3501 quales
622 3419 731 3483 audire
755 3420 893 3483 solemus

191 3524 303 3588 naidas
327 3525 360 3589 61
382 3524 519 3608 dryadas
542 3524 655 3589 mediis
678 3525 823 3590 insedere
846 3525 944 3600 silvis,

194 3631 222 3694 61
243 3629 338 3694 modo
361 3630 416 3699 des
439 3631 504 3695 illis
527 3631 634 3695 nultus
657 3631 841 3713 similesque
863 3632 1005 3713 paratus.

103 3744 157 3800 455
192 3736 265 3800 Non
289 3737 522 3802 secus-exarsit
545 3739 714 3820 eonspeota
736 3737 857 3817 virgine
880 3737 1008 3811 Tereus,

195 3861 293 3924 quam
316 3841 415 3923 siquis
439 3843 526 3907 oanis
548 3843 656 3924 ignem
679 3843 837 3924 supponat
860 3842 975 3919 aristis,

194 3949 251 4012 aut
273 3947 418 4012 frondem
440 3948 623 4031 positasque
647 3950 767 4013 oremet
788 3947 957 4012 faenilibus
980 3948 1103 4015 herbas.

192 4053 299 4136 Digna
322 4053 451 4135 quidem
473 4053 587 4118 faoies:
611 4053 666 4118 sed
690 4056 723 4118 et
744 4054 830 4120 huno
851 4053 964 4117 innata
986 4053 1081 4118 hbido

194 4159 388 4237 exstimulat,
410 4178 609 4243 pronumque
633 4178 734 4242 genus
757 4158 938 4241 regionibus
961 4159 1024 4224 illis

102 4272 158 4328 460
192 4264 226 4328 in
248 4283 397 4330 venerem
420 4267 487 4330 ast:
510 4264 627 4348 11111111
648 4266 725 4330 vitio
749 4265 916 4348 gentisque
941 4284 1073 4347 suoque.
