2858 4710
501 260 557 316 na.
576 261 647 330 vm,
666 279 689 316 v.
709 263 760 318 ras
772 262 858 318 -aoa

160 425 257 490 ianua
280 421 417 488 difficilis
439 422 492 487 filo
517 424 567 487 est
588 423 717 487 inventa
739 423 864 501 releoto,

159 531 304 616 protinus
327 528 462 611 Aegides
485 530 577 612 rapta
599 529 737 593 Minoide
761 529 855 593 Diam

70 643 124 700 175
160 637 231 702 vela
254 636 342 701 dedit
364 636 574 716 oomitemque
598 654 690 699 suam
713 635 848 700 erudelis
871 636 904 698 in
925 636 980 701 illo

161 744 253 809 litore
277 742 433 807 destituit.
479 741 633 806 Desertae
657 743 689 806 et
710 742 814 807 multe
838 743 982 824 querenti

162 851 327 934 amplexus
351 850 383 913 et
406 866 498 932 opem
519 844 731 924 Liber'tulit3
753 851 854 930 utque
876 849 1008 932 perenni

162 949 269 1021 sidere
288 954 486 1032 olaraforet,
510 955 672 1037 sumptam
695 938 742 1018 de'
756 954 859 1019 fronte
883 973 1029 1019 ooronam

161 1063 284 1127 inmisit
306 1062 400 1126 eaelo.
446 1061 569 1126 Tenues
593 1062 678 1126 volat
700 1061 755 1124 illa
777 1080 834 1145 per
857 1080 959 1139 auras

70 1179 124 1234 180
161 1168 302 1251 dumque
324 1168 419 1245 volat,
442 1186 585 1250 gemmae
607 1167 724 1232 nitidos
747 1168 915 1232 vertuntur
936 1168 970 1231 in
991 1168 1080 1250 ignes

163 1276 402 1357 oonsistuntque
425 1274 501 1353 loeo,
525 1275 626 1359 speeie
649 1276 835 1338 remanente
859 1292 999 1352 coronae,
1065 1272 1066 1276 ’

102 1365 103 1368 “
164 1384 219 1465 qni
241 1376 371 1447 medius
388 1381 524 1463 Nixique
548 1400 631 1464 genu
655 1383 704 1446 est
728 1399 927 1463 anguemque
949 1376 1097 1446 tenentis.

686 1576 736 1640 45.
759 1574 930 1642 Daedalus
952 1581 981 1641 et
1002 1576 1127 1642 Icarus.
1161 1575 1294 1643 Perdis.

251 1701 413 1766 Daedalus
436 1702 558 1766 interea
582 1701 697 1767 Creten
719 1703 913 1785 longumque
935 1721 1067 1786 perosus

165 1808 293 1873 exilium
315 1809 485 1890 tantusque
507 1808 568 1873 looi
589 1808 707 1872 natalis
731 1827 836 1872 amoro

72 1923 129 1979 185
169 1916 295 1980 clausus
319 1917 388 1979 orat
409 1915 530 1998 pelago.
573 1901 699 1979 ‘Terras
723 1902 809 1979 lieet'
834 1915 940 1997 inquit
959 1903 1007 1980 ‘et
1029 1915 1132 1981 undas

164 2022 325 2086 obstruat:
349 2023 384 2085 at
406 2022 530 2086 eaelum
553 2022 638 2085 oerte
660 2021 765 2103 patet3
788 2021 904 2086 ibimus
926 2022 1008 2086 illae.

166 2126 281 2194 Omnia
302 2126 473 2211 possideat,
495 2145 560 2192 non
581 2126 723 2210 possidet
747 2131 820 2192 aera
842 2124 961 2192 Minos?

251 2234 347 2312 Dixit,
370 2235 403 2299 et
424 2234 548 2316 ignotas
573 2234 714 2298 animum
737 2233 871 2298 dimittit
892 2235 926 2298 in
949 2236 1033 2300 artes

163 2343 375 2423 naturamque
398 2341 503 2405 norat.
547 2341 632 2405 Nam
654 2342 743 2424 ponit
765 2342 799 2405 in
822 2341 929 2406 ordine
951 2361 1081 2425 pannea,

68 2456 127 2511 190
165 2447 337 2513 aminima
360 2448 496 2530 coeptae,
518 2448 647 2530 longam
668 2449 811 2514 breviore
835 2449 989 2530 sequenti,

164 2555 203 2618 ut
225 2554 304 2618 olivo
329 2553 463 2618 crevisse
485 2555 588 2637 putes.
635 2553 687 2618 Sia
708 2555 829 2619 rustioa
852 2555 1010 2636 quondam

163 2659 272 2724 fistula
296 2659 472 2743 disparibus
495 2661 650 2743 paulatim
673 2661 776 2742 surgit
799 2662 915 2726 avenis.

164 2767 246 2830 Tum
267 2766 331 2830 lino
354 2765 475 2830 medias
499 2769 531 2831 et
554 2767 633 2831 aeris
658 2766 778 2848 adligat
799 2767 890 2845 imas,

166 2874 262 2955 atque
285 2873 331 2936 ita
355 2872 545 2955 compositas
567 2890 664 2955 parvo
687 2873 868 2937 ourvamine
892 2872 1001 2951 flectit,

70 2987 127 3044 195
166 2981 205 3043 ut
226 2997 317 3043 veras
340 2979 485 3043 imitetur
508 2997 590 3044 ares.
634 2978 719 3043 Puer
740 2978 851 3044 Ioarns
874 2997 939 3043 una

167 3085 274 3150 stabat
297 3087 338 3162 et,
360 3085 490 3167 ignarus
514 3104 573 3150 sua
596 3104 629 3150 se
652 3086 790 3150 buntaro
812 3086 939 3168 periola,
1048 3105 1049 3109 ¹

166 3210 218 3256 ore
241 3190 398 3256 renidenti
420 3192 522 3270 modo,
546 3210 625 3273 quas
648 3210 730 3275 vaga
752 3195 894 3257 moverat
918 3211 1004 3270 aura,

167 3299 316 3381 oaptabat
337 3298 473 3381 plumas,
495 3297 612 3362 flavam
634 3298 728 3364 modo
750 3300 863 3382 pollice
887 3318 993 3365 oeram

166 3404 311 3468 mollibat
333 3404 470 3486 lusuque
495 3423 551 3469 suo
574 3406 718 3470 mirabile
741 3407 842 3489 patris

71 3522 130 3578 200
167 3509 359 3594 impediebat
381 3529 468 3593 opus.
513 3510 689 3593 Postquam
711 3530 825 3576 manus
848 3512 963 3576 ultima
986 3513 1105 3596 ooeptis

165 3617 313 3700 imposita
336 3618 394 3694 est,
417 3617 559 3698 geminas
583 3616 685 3700 opifex
706 3617 834 3681 libravit
855 3618 889 3682 in
913 3619 979 3689 alas
1021 3688 1022 3696 ,

166 3724 234 3807 ipse
258 3741 352 3787 sunm
376 3741 489 3806 oorpus
511 3726 663 3805 motaque
685 3723 835 3807 pependit
857 3725 891 3788 in
914 3743 1001 3789 aura.

253 3828 391 3894 Instruit
413 3831 445 3894 et
467 3832 581 3894 natum
600 3816 737 3894 ‘medio’
764 3848 826 3912 que
846 3818 903 3895 ‘nt
924 3831 1025 3894 limite
1049 3849 1167 3910 onmes,

164 3923 279 4015 Ioare',
303 3935 348 3999 ait
367 3922 508 4014 ‘moneo,
530 3955 580 4014 ne,
603 3937 630 4000 si
653 3936 818 4001 demissior
839 3937 908 4016 ibis,
1020 3926 1022 3930 ¹

70 4052 128 4110 205
166 4041 253 4108 unda
276 4042 386 4123 gravet
408 4060 538 4125 pennas,
562 4043 589 4107 si
612 4044 731 4122 aelsior,
753 4044 842 4125 ignis·
860 4043 982 4108 adurat.
1095 4089 1102 4105 .

165 4148 255 4213 Inter
276 4149 450 4230 utrumqne
472 4141 559 4213 vola
596 4149 663 4215 Neo
686 4152 719 4215 te
742 4144 884 4234 speetare
907 4151 1030 4215 Booten

168 4258 224 4322 aut
246 4255 378 4321 Helioen
400 4254 492 4319 iubeo
516 4256 726 4339 strictumque
751 4255 874 4323 Orionis
898 4276 1022 4323 ensem:

1026 4364 1084 4418 u*
