2858 4710
107 209 174 267 1¹34
596 199 675 253 Iason
693 202 721 254 et
738 199 837 253 Medea.

198 362 263 437 aut,
287 360 392 441 siquid
415 361 567 436 metuam,
590 362 734 424 metuam
758 359 796 425 de
821 361 952 442 coniuge
976 360 1050 424 solo.
1074 397 1119 411 -

89 489 93 494 ·
196 465 427 548 Coniugiumne
449 468 544 549 putas
569 466 773 548 speciosaque
795 467 928 530 nomina
950 467 1061 548 culpae

127 581 160 636 70
196 573 347 655 imponis‚.
363 572 484 648 Medea,
507 573 606 635 tuae?
630 569 715 649 Quin
739 571 875 653 adspice,
899 574 1055 653 quantum

197 678 381 760 adgrediare
404 677 503 754 nefas,
527 680 567 755 et,
591 678 668 741 dum
691 677 775 753 licet
799 675 901 758 effuge
926 666 1062 742 crimen.²

284 784 382 862 Dixit,
405 785 438 848 ct
460 786 535 863 ante
558 783 665 848 oeulos
688 786 813 848 rectum
835 784 1001 867 pietasque
1024 785 1196 868 pudorque

199 891 407 957 constiterant
430 891 463 954 et
485 891 570 954 victa
593 890 689 954 dabat
711 890 776 954 iem
799 893 890 972 terga
913 890 1044 974 Cupido.

287 997 362 1062 Ibat
384 997 425 1061 ad
448 997 596 1079 antiquas
619 996 757 1061 Hecates
780 996 949 1061 Perseidos
972 1015 1053 1075 aras,
1106 1016 1109 1020 ⁴

129 1114 163 1168 75
198 1116 280 1188 quas
303 1123 417 1169 nemus
439 1105 626 1169 umbrosum
649 1106 834 1186 secretaque
858 1104 939 1167 silva
961 1105 1099 1185 tegebat.

201 1213 244 1277 Et
266 1213 331 1276 iam
353 1211 444 1276 fortis
468 1212 545 1288 erat,
568 1211 744 1293 pulsusque
767 1210 931 1275 resederat
953 1211 1054 1289 ardor,

201 1338 274 1384 cum
296 1317 382 1382 ridet
404 1317 583 1381 Aesoniden
607 1317 810 1398 extinctaque
833 1315 963 1380 flamma
985 1318 1107 1381 revixit.

202 1424 365 1488 Erubuere
390 1441 498 1504 genae,
521 1425 653 1503 totoque
676 1423 844 1487 recanduit
866 1441 927 1501 ore,

188 1527 303 1611 'utque
327 1530 408 1593 solet
430 1529 535 1592 ventis
559 1529 712 1593 alimenta
735 1528 902 1594 adsumere
927 1549 1072 1612 quaeque

131 1647 167 1702 80
202 1655 301 1720 parva
325 1636 383 1699 sub
407 1634 538 1698 inducta
560 1635 659 1698 latuit
681 1634 820 1698 scintilla
842 1633 951 1699 favilla

187 1750 342 1808 ‘creseere
367 1743 399 1806 et
421 1741 455 1804 in
477 1742 603 1806 veteres
627 1741 749 1822 agitata
772 1759 937 1823 resurgere
961 1743 1053 1820 vires,

202 1850 247 1915 sic
269 1849 334 1914 iam
356 1849 462 1912 lentus
486 1866 583 1926 amor,
605 1848 671 1912 iam
694 1867 791 1930 quem
812 1848 964 1930 languere
987 1851 1131 1932 putares,

202 1959 241 2021 ut
262 1956 341 2020 uidit
363 1955 519 2032 iuvenem,
543 1955 646 2038 specie
668 1955 845 2037 proesentis
868 1955 989 2018 inarsit.

203 2063 247 2126 Et
269 2080 346 2126 casu
369 2062 460 2126 solito
482 2061 648 2126 formosior
670 2064 792 2125 Aesone
815 2062 912 2125 natus
1029 2093 1031 2096 ·

134 2178 169 2234 85
206 2170 262 2233 illa
283 2170 354 2233 luce
377 2166 456 2232 fuit:
479 2186 588 2250 posses
611 2168 774 2249 ignoscere
798 2168 928 2231 amanti.

208 2275 346 2358 Spectat,
370 2276 403 2338 et
425 2274 458 2337 in
481 2274 574 2337 vultu
597 2273 696 2337 veluti
718 2276 790 2337 tum
812 2272 947 2356 denique
970 2273 1038 2338 viso

206 2381 330 2446 lumina
352 2380 414 2443 fixa
437 2381 534 2455 tenet,
557 2398 615 2443 nec
639 2398 673 2444 se
695 2380 845 2444 mortalia
868 2380 998 2444 demens

206 2506 260 2552 ora
282 2487 388 2551 ridere
411 2487 515 2568 putat,
536 2503 595 2549 nee
619 2504 652 2550 se
676 2481 816 2550 declinat
838 2487 877 2550 ab
899 2486 963 2550 illo.

206 2594 253 2660 Ut
274 2611 348 2658 vero
372 2592 538 2674 coepitque
560 2591 649 2673 loqui
672 2591 879 2672 dextramque
902 2591 1072 2674 prehendit

134 2711 170 2765 90
205 2702 320 2783 hospes
343 2701 377 2764 et
400 2698 552 2762 auxilium
575 2697 733 2762 submissa
756 2717 831 2763 voce
853 2699 977 2780 rogavit
1112 2740 1114 2745 .

206 2786 414 2890 promisitque
436 2807 551 2883 torum,
574 2805 713 2869 lacrimis
737 2805 783 2868 ait
805 2805 861 2868 illa
883 2805 1036 2888 protusis:

205 2902 302 2993 ‘Quid
324 2912 449 2990 faciam,
471 2908 579 2978 rideri:
602 2931 662 2976 nec
684 2930 736 2976 me
758 2912 938 2993 ignorantie
962 2912 1028 2975 veri

209 3020 352 3103 decipiet,
376 3019 428 3087 sed
455 3037 551 3082 amor.
598 3017 771 3082 servabere
793 3035 926 3081 munere
948 3020 1075 3081 nostro:

210 3127 355 3190 servatus
378 3125 534 3207 promissa
558 3115 649 3187 dato?
697 3123 760 3187 Per
784 3142 874 3188 sacra
897 3123 1052 3187 triformis

137 3241 172 3296 95
209 3232 262 3297 ille
285 3231 371 3307 deae,
394 3231 528 3310 lucoque
551 3228 633 3293 foret
657 3228 740 3310 quod
764 3249 884 3294 numen
906 3231 940 3293 in
962 3230 1026 3306 illo,

207 3356 326 3422 perque
349 3338 474 3418 patrem
497 3336 596 3400 soceri
619 3337 801 3400 cernentem
824 3340 939 3401 cuneta
960 3335 1062 3400 futuri

209 3446 405 3524 eventusque
429 3461 503 3506 suos
528 3445 560 3506 et
582 3443 674 3506 tanta
696 3443 837 3524 pericula
859 3443 953 3507 iurat.

211 3551 359 3616 Creditus
384 3549 505 3631 accepit
527 3551 673 3613 cantatas
696 3550 841 3632 protinus
863 3550 979 3613 herbas

211 3657 401 3737 edidicitque
424 3674 529 3732 usum,
552 3655 719 3737 laetusque
742 3657 775 3720 in
798 3658 886 3721 tecta
908 3655 1047 3719 recessit.

120 3774 173 3830 100
296 3762 429 3827 Postera
452 3762 618 3844 depulerat
641 3763 750 3827 stellas
775 3781 890 3826 aurora
911 3761 1085 3826 micantes:

209 3869 400 3935 conveniunt
421 3868 530 3952 populi
553 3887 681 3933 sacrum
701 3869 855 3933 Mavortis
878 3869 912 3930 in
935 3885 1048 3932 arvum

210 3976 452 4057 consistuntque
476 3975 569 4056 iugis,
613 3974 718 4039 Medio
741 3993 796 4039 rex
817 3975 885 4056 ipsc
907 3973 1026 4037 resedit

209 4082 334 4165 agmine
358 4100 537 4164 purpureus
562 4085 749 4164 sceptroque
772 4081 905 4162 insignis
929 4081 1056 4144 eburno.

207 4189 289 4253 Ecce
313 4187 512 4254 adamanteis
534 4187 718 4252 Vulcanum
740 4187 871 4251 naribus
894 4185 1006 4250 efflant
