2858 4710
515 271 572 327 Lib.
590 271 663 340 vm,
680 289 705 328 v.
724 271 874 328 oss-712.

171 435 207 499 et
229 432 267 500 de
288 432 457 517 purpureis
479 433 639 498 eonleetae
662 433 780 498 vitibus
802 452 893 499 usae.

170 539 333 606 Candidus
355 540 389 604 in
410 538 630 604 mediolanus
653 541 711 605 est
757 539 860 624 Supeu
881 539 992 605 omnia.
1008 540 1122 606 vultus.

172 665 332 713 aooessere
353 646 428 711 boni
449 663 510 711 nee
531 645 617 710 inens
638 664 822 730 pauperque
844 647 1005 712 noluntas

258 753 386 818 Interea
407 751 527 817 totiens
546 751 700 817 haustum
722 755 846 818 matera
866 752 982 837 repleri

67 868 135 924 680
172 861 282 944 sponte
306 877 442 943 suaper
465 877 562 941 seque
584 859 694 924 vident
715 878 912 926 sneeresoere
934 860 1024 926 vina:

171 966 299 1032 attoniti
320 965 461 1031 novitate
482 968 601 1049 pavent
621 966 833 1049 manibusque
856 967 992 1051 supinis*

171 1073 353 1156 eoneipiunt
374 1072 558 1155 Bauoisque
578 1091 687 1156 preees
710 1073 906 1156 timidusque
927 1073 1094 1141 Philemon

170 1181 204 1244 et
225 1179 352 1244 veniam
374 1177 508 1263 dapibus
529 1179 692 1262 nullisque
714 1180 879 1264 paratibus
902 1182 1004 1246 orant

171 1285 294 1352 Uniens
317 1303 410 1350 anser
432 1286 511 1364 erat
532 1285 689 1350 minimae>
706 1285 853 1350 custodia
872 1286 983 1352 villae:

69 1401 135 1458 685
171 1411 267 1475 quem
289 1392 338 1457 dis
360 1391 538 1476 hospitibus
562 1392 680 1457 domini
701 1394 843 1458 maotara
865 1393 1030 1477 parabant

171 1499 232 1564 Ille
255 1500 338 1565 eeler
359 1517 465 1582 penna
486 1499 596 1564 tardos
618 1501 725 1565 aetate
747 1498 863 1582 fatigat

170 1605 334 1688 eluditque
358 1605 421 1684 diu,
443 1605 637 1689 tandemque
661 1609 711 1672 est
732 1606 820 1672 nisus
844 1605 886 1672 ad
906 1606 996 1690 ipsos

170 1712 349 1796 oonlngisse
372 1710 455 1777 deos.
502 1711 616 1796 Superi
637 1715 767 1778 vetuere
790 1713 898 1778 666661

172 1819 252 1898 ‚‚di“
276 1837 338 1901 que
360 1837 506 1898 „sumus
527 1819 724 1900 meritasque
746 1820 815 1884 luet
836 1818 951 1884 vicinia
972 1837 1090 1903 poenas

72 1933 136 1990 600
172 1925 294 2009 impia“
317 1924 481 2000 dixerunt;
504 1925 614 2003 „vobis
636 1925 820 1990 inmunibus
843 1925 939 1989 huius

172 2051 241 2098 esse
263 2031 341 2096 mali
363 2031 499 2096 dabitur.
543 2031 638 2096 Modo
660 2032 769 2097 vestra
789 2031 960 2114 relinquite
982 2032 1068 2097 teeta

171 2157 208 2205 ae
229 2139 354 2203 nostros
378 2138 525 2203 eomitate
549 2138 667 2221 gradus
690 2139 723 2203 et
744 2138 778 2202 16
800 2138 900 2203 ardua
921 2139 1040 2204 montis

172 2245 215 2310 ite
238 2244 360 2309 simul.“
403 2244 523 2310 Parent
546 2245 644 2310 ambo
660 2244 845 2327 baculisque
868 2245 966 2310 levati

170 2351 318 2416 nituntur
339 2351 436 2433 longo·
455 2350 591 2434 vestigia
612 2369 729 2434 ponere
752 2351 841 2416 olivo

74 2463 135 2520 695
260 2458 398 2522 Tantum
421 2458 553 2522 aberant
576 2477 712 2536 summo,
735 2459 892 2540 quantum
914 2457 1080 2524 semeliae
1103 2458 1223 2542 sagitta

171 2563 271 2629 missa
291 2565 414 2647 potest:
437 2563 551 2629 flexere
574 2566 681 2629 oonlos
704 2567 738 2629 et
759 2583 866 2630 mersa
886 2564 1002 2648 palude

174 2672 278 2735 eetena
299 2671 503 2754 prospiciunt,
525 2672 654 2736 tantum
676 2689 736 2735 sua
757 2673 843 2736 teeta
864 2689 1002 2736 manere.

173 2776 321 2860 Dumque
345 2796 385 2843 66
403 2778 570 2856 mirantur,
594 2777 670 2842 dum
693 2776 1061 2856 (16166116166666666,

172 2884 227 2949 illa
249 2886 352 2963 vetus,
375 2884 509 2949 dominis
533 2885 632 2949 etiam
654 2901 728 2949 ease
750 2902 848 2968 parva
871 2882 993 2948 duobus

76 2999 137 3054 700
172 2991 308 3056 vertitur
329 2991 363 3055 in
384 2991 559 3074 templum:
581 2990 687 3055 fureas
711 2990 835 3055 subiere
858 2990 1031 3067 solemnes,

173 3097 327 3162 stramina
348 3097 533 3176 flaveseunt,
555 3098 731 3180 aurataque
753 3099 839 3163 16616
861 3097 1012 3163 videntur

172 3205 375 3287 eaelataeqae
398 3203 482 3270 iores
506 3204 719 3288 adopertoque
741 3222 899 3270 marmore
922 3204 1027 3270 tellus.

173 3310 263 3375 Talia
285 3312 356 3376 tum
377 3311 500 3395 plaoido
525 3311 694 3377 Saturnius
718 3311 816 3377 edidit
839 3330 910 3377 ore:

173 3416 312 3496 ,‚Dioite‚
333 3417 418 3483 iuste
441 3436 535 3482 senen
558 3419 591 3483 et
612 3418 731 3483 femina
754 3419 886 3501 eoniuge
908 3418 993 3483 iusto

76 3531 137 3588 '105
174 3523 283 3606 digna.
301 3523 377 3608 quid
400 3524 542 3608 optetis.“
589 3523 671 3590 Cum
692 3525 833 3590 Baucide
855 3543 956 3608 panea
978 3526 1104 3590 loeutus

172 3631 325 3697 iudieium
347 3631 472 3714 superis
493 3630 595 3714 aperit
617 3650 783 3698 eommune
805 3631 989 3697 Philemon:

92 3790 94 3793 ,
173 3737 274 3818 ,,Ε666
297 3737 477 3802 saoerdotes
499 3737 693 3819 delubraque
717 3740 824 3803 vestra
847 3738 932 3803 tueri

172 3843 348 3930 posoimus;
372 3844 405 3908 61
427 3843 576 3926 quoniam
599 3842 767 3910 ooneordes
791 3844 914 3928 egimus
938 3862 1046 3922 annos,

172 3949 298 4017 auferat
319 3952 398 4014 hora
420 3951 498 4015 duos
522 3950 641 4029 eadem,
663 3969 721 4016 neo
744 3950 884 4034 eoniugis
907 3969 1063 4033 umquam

76 4064 136 4124 Ι110
171 4057 268 4126 busta
289 4075 380 4122 meaa
402 4057 535 4137 videam,
556 4077 620 4124 neu
643 4057 704 4123 sim
726 4057 1099 4143 16666166616661)11101,ι
1121 4134 1122 4137 Ἴ

261 4163 346 4229 Vota
366 4163 447 4228 fides
468 4165 621 4249 sequitu.
666 4164 789 4250 Templi
810 4165 916 4231 tutela
935 4163 1053 4244 fuere,=

174 4269 272 4339 donee
294 4270 360 4336 vita
382 4270 459 4335 data
481 4274 538 4337 est.
582 4270 682 4338 Annis
706 4290 846 4357 aevoque
867 4271 965 4339 soluti
1133 4340 1137 4344 ,

136 4373 381 4444 0666116666.
418 4374 470 4446 (Τ.)
1063 4377 1106 4432 m
