2858 4710
538 261 593 316 no.
612 262 645 329 x,
664 280 687 316 v.
707 262 857 317 aco-422.

173 439 269 502 seque
292 421 366 486 ferit
389 423 566 505 scinditque
590 424 678 488 sinus
702 426 873 507 ereptaque
897 426 975 490 collo
1029 433 1030 437 ’

171 528 297 593 vincula
320 527 461 593 dilaniat.
505 530 587 594 Tum
610 529 745 611 denique
768 530 844 595 flere
867 532 1001 610 vacavit,

171 634 241 698 tum
264 635 338 699 dare
362 637 542 719 complexus
565 637 734 718 laqueique
757 637 918 718 requirere
942 657 1080 702 oausam.

169 741 262 805 Muta
285 742 358 806 silet
380 743 468 825 virgo
491 745 673 824 terramque
696 744 817 808 inmota
839 742 949 809 tuetur

79 856 135 911 300
171 851 203 913 00
226 848 380 932 deprensa
403 850 488 914 dolet
510 850 620 914 tardae
645 851 809 915 conamina
831 852 952 916 mortis.

170 955 276 1020 Instat
300 974 379 1020 anus
403 975 561 1038 canosque
585 976 659 1021 suos
683 960 717 1022 et
737 958 845 1022 inania
867 958 992 1022 nudans

170 1064 268 1127 ubera
290 1082 347 1146 per
370 1083 468 1128 cunas
492 1065 705 1146 alimentaque
729 1065 831 1147 prima
853 1067 1010 1148 precatur,

170 1171 207 1233 ut
230 1170 290 1234 sibi
313 1171 501 1248 committat,
526 1170 679 1253 quidquid
703 1171 796 1236 dolet.
841 1171 903 1235 Illa
925 1174 1091 1253 rogantem

80 1363 82 1366 y
171 1279 317 1342 aversata
341 1277 448 1359 gemit.
494 1277 590 1343 Certa
612 1280 662 1342 est
685 1279 847 1359 exquirere
871 1279 979 1342 nutrix

79 1390 133 1446 395
169 1403 228 1448 nec
251 1385 351 1448 solam
375 1383 527 1466 spondere
550 1383 664 1448 fidem:
689 1383 783 1462 „dic“
805 1384 911 1465 inquit
934 1403 1110 1467 „opemque

169 1509 221 1555 me
245 1491 311 1555 sine
334 1489 416 1555 ferre
439 1491 514 1566 tibi;
536 1510 600 1555 non
624 1492 673 1555 est
695 1509 768 1556 mea
790 1491 880 1574 pigra
904 1493 1059 1556 senectus.

172 1597 235 1662 Seu
257 1596 345 1661 furor
368 1600 426 1675 est,
448 1598 558 1675 habeo,
583 1616 663 1680 quae
687 1597 825 1663 carmine
850 1600 941 1662 sanet
963 1600 997 1662 et
1018 1598 1135 1675 herbis,

170 1705 235 1769 sire
260 1704 375 1786 aliquis
398 1706 515 1781 nocuit,
537 1705 659 1787 magico
682 1705 859 1769 lustrabere
885 1706 959 1782 rito,

169 1812 216 1875 ira
240 1811 336 1878 deum
359 1811 424 1876 sive
448 1817 505 1889 est,
529 1813 626 1876 sacris
649 1812 813 1894 placabilis
835 1812 893 1876 ira.

80 1927 134 1982 400
171 1917 255 1998 Quid
277 1937 349 1983 rear
371 1919 529 1982 ulterius?
554 1916 646 1983 Certe
670 1918 798 1983 fortuna
821 1918 996 1999 domusque

171 2045 277 2110 sospes
302 2025 389 2090 etin
412 2044 507 2090 cursu
531 2027 588 2102 est,
611 2025 689 2089 vivit
712 2025 916 2107 genetrixque
940 2026 1122 2107 paterque.“

258 2133 399 2215 Myrrha,
421 2133 512 2214 patre
537 2131 653 2209 audito,
677 2132 812 2214 suspiria
837 2131 926 2195 duxit
949 2132 988 2195 ab
1011 2131 1074 2194 imo

168 2243 303 2325 pectore.
348 2238 416 2303 Nec
438 2239 546 2302 nutrix
569 2239 745 2302 etiamnum
768 2239 902 2321 concipit
925 2239 1028 2301 ullum

169 2349 276 2414 monte
299 2344 399 2423 nefas,
422 2345 624 2427 aliquemque
647 2347 756 2409 tamen
778 2345 954 2427 praesentit
978 2362 1135 2417 amorem3

79 2462 132 2516 405
169 2453 383 2537 propositique
406 2454 510 2529 tenax,
535 2453 756 2534 quodcumque
780 2453 838 2529 est,
862 2454 940 2529 orat,
963 2452 1001 2515 ut
1023 2451 1083 2534 ipsi

169 2560 294 2636 indicet,
318 2560 350 2623 ct
373 2559 491 2640 gremio
515 2559 736 2624 lacrimantem
760 2560 844 2623 tollit
868 2559 944 2622 anili

171 2669 266 2748 atque
290 2666 335 2729 ita
359 2666 571 2748 complectens
594 2664 728 2728 infirmis
751 2666 895 2729 membra
917 2664 1045 2730 lacertis

170 2773 352 2851 „sensimus
361 2777 387 2848 “‚
409 2771 514 2852 iuquit
537 2789 669 2848 ‚‚amas:
695 2773 727 2835 ct
749 2772 783 2834 in
806 2772 865 2835 hoc
888 2790 961 2836 mea
984 2773 1075 2853 (pone
1099 2768 1265 2852 timorem)

172 2880 324 2945 sedulitas
348 2878 408 2942 erit
432 2879 506 2960 apta
529 2877 595 2954 tibi,
618 2896 676 2942 nec
700 2877 816 2941 sentiet
840 2895 994 2958 umquam

82 2995 136 3050 410
171 2988 231 3052 hoc
253 2988 372 3069 pater.“
416 2984 554 3048 Exsiluit
577 2983 696 3065 gremio
719 2983 890 3048 furibunda
913 2985 1083 3064 torumque

170 3112 222 3158 ore
245 3110 392 3176 premens
417 3090 574 3168 „diseede
597 3109 715 3173 precor,
739 3090 917 3172 miseroque
940 3089 1053 3173 pudori

169 3201 303 3282 000001ιι
327 3199 380 3262 ait.
424 3197 565 3261 Instanti
588 3196 746 3274 „discede
770 3199 826 3261 aut
849 3197 957 3261 desine
965 3202 981 3231 “
1005 3196 1084 3260 dixit

169 3325 353 3388 „quaerere
378 3305 454 3387 quid
478 3304 620 3369 doleam:
645 3305 748 3368 scelus
773 3306 832 3380 est,
856 3304 941 3385 quod
965 3304 1044 3368 scire
1068 3303 1222 3366 laboras.“

258 3412 375 3477 Horret
398 3431 478 3476 anus
502 3412 720 3493 tremulasque
743 3430 857 3475 manus
882 3411 1036 3492 annisque
1059 3412 1217 3490 metuque

80 3525 133 3581 415
168 3519 272 3585 tendit
296 3521 328 3582 et
351 3521 425 3584 ante
448 3519 545 3602 pedes
570 3519 702 3601 supplex
724 3518 903 3600 procumbit
927 3519 1074 3581 alumnae

171 3627 203 3690 ct
225 3624 318 3689 modo
342 3625 514 3702 blanditur,
536 3624 639 3702 modo,
663 3625 689 3687 si
712 3643 775 3688 non
799 3624 923 3688 conscia
945 3623 1011 3700 fiat,

169 3733 286 3806 terret;
310 3733 343 3796 ct
364 3731 518 3796 indicium
540 3731 647 3812 laquei
670 3733 862 3813 coeptaeque
884 3731 1026 3793 minatur

168 3838 280 3903 mortis
305 3840 337 3902 et
360 3836 498 3901 officium
522 3838 688 3902 commisso
713 3836 846 3920 spondet
870 3837 977 3900 amori.

169 3945 293 4010 Extulit
314 3945 371 4008 illa
395 3947 491 4027 caput
513 3945 716 4026 lacrimisque
739 3944 883 4027 implevit
906 3943 1022 4007 obortis

80 4060 133 4114 420
168 4054 297 4135 pectora
320 4050 470 4125 nutricis;
495 4053 669 4132 conataque
694 4069 787 4134 saepe
810 4049 904 4113 fateri

171 4178 262 4243 saepe
286 4159 375 4223 tenet
397 4175 515 4233 rocem,
537 4158 783 4240 pudibundaque
806 4157 947 4221 restibus
972 4175 1026 4220 ora

167 4266 246 4329 texit
269 4266 389 4344 et„‚o“
415 4265 493 4328 dixit
516 4263 667 4340 „felicem
690 4267 821 4347 coniuge
843 4264 1022 4328 matreml“
