2858 4710
477 282 533 338 Lib.
552 283 624 352 VIH,
641 302 665 339 v.
684 283 834 341 rao-351,
927 365 928 368 Ἴ

29 448 107 503 315
140 442 376 525 Penelopaeque
399 462 487 509 socer
510 464 585 511 cum
605 443 774 510 Parrhasio
796 447 930 523 Ancaeo,

140 548 390 632 Ampycidesque
414 568 510 632 sagax
534 551 566 615 et
589 551 693 616 adhue
716 570 735 616 a
759 552 888 634 coniuge
912 553 1003 617 tutus

143 654 293 733 Oeclides,
316 656 636 739 nemorisque'decus
659 658 801 740 Tegeaea
822 658 946 741 Lycaei.

140 763 255 828 Rasilis
277 763 352 827 huie
375 782 534 827 summam
556 764 721 829 mordebat
743 765 840 829 fibula
862 766 993 842 restem,

140 869 233 934 crinis
256 870 325 933 erat
348 869 489 952 simplos,
511 870 631 936 nodum
654 871 813 936 conlectus
836 871 870 935 in
892 890 1001 935 unum.

45 978 107 1036 320
139 976 185 1040 Er
206 994 316 1040 umero
338 975 478 1058 pendens
501 977 669 1050 resonabat
692 978 829 1042 eburnea
853 978 942 1043 laevo

139 1083 276 1147 telorum
299 1084 414 1160 custos,
438 1101 547 1147 arcum
570 1102 694 1166 quoque
717 1085 807 1149 laeva
829 1085 967 1150 tenebat.
1005 1069 1011 1109 ”

140 1189 226 1254 Talis
249 1190 318 1254 erat
340 1189 446 1264 oultu;
468 1187 573 1267 facies,
598 1208 695 1271 quarn
718 1190 820 1256 dicere
843 1209 915 1256 vere

113 1351 114 1354 ,
141 1295 314 1377 virgineam
335 1295 370 1358 in
391 1313 498 1378 puero,
521 1296 674 1378 puerilem
696 1296 730 1360 in
752 1296 872 1378 virgine
895 1297 1005 1379 possis.

141 1401 232 1467 Hanc
253 1402 373 1485 pariter
395 1400 482 1479 vidit,
504 1402 624 1485 pariter
646 1401 837 1485 Calydonius
860 1403 952 1467 heros

65 1511 108 1569 325
142 1508 271 1591 optarit,
293 1507 447 1572 renuente
471 1506 537 1585 deo,
559 1507 769 1590 flammasque
791 1509 927 1574 latentes

142 1614 250 1678 hausit
273 1615 305 1678 et
325 1601 356 1678 ‘o
379 1612 461 1692 felix,
485 1613 609 1696 siquem
632 1602 827 1697 dignabitur’
853 1615 958 1698 inquit

138 1708 213 1786 ‘ista
235 1706 370 1786 viruml’
418 1719 486 1785 Nec
507 1720 600 1803 plura
623 1721 699 1785 sinit
720 1722 910 1804 tempusque
933 1721 1096 1805 pudorque
1163 1773 1165 1776 -

142 1827 261 1892 dicere:
284 1826 389 1891 maius
412 1845 491 1909 opus
513 1827 622 1909 magni
645 1828 828 1892 certaminis
850 1830 951 1910 urget.

230 1933 316 1999 Silva
337 1931 486 2016 frequens
509 1933 662 2025 trabibus,
686 1952 782 2015 quarn
804 1934 894 1998 nulla
917 1934 1073 1999 ceciderat
1096 1936 1194 2015 aetas,

65 2045 109 2102 333
141 2041 251 2123 incipit
274 2058 292 2104 a
314 2040 408 2122 plano
431 2039 611 2122 devexaque
633 2040 785 2123 prospicit
808 2058 892 2106 arra.

142 2145 211 2226 Quo
233 2148 404 2230 postquam
426 2164 539 2211 venere
562 2146 629 2223 viri,
652 2164 725 2229 pars
748 2147 828 2211 retia
850 2146 995 2226 tendunt,

142 2253 267 2319 vincula
288 2271 362 2335 pars
386 2253 531 2318 adimunt
554 2253 692 2332 canibus,
714 2271 787 2336 pars
810 2271 920 2336 pressa
943 2256 1120 2336 sequuntur

143 2360 233 2443 signa
254 2359 372 2444 pedum
395 2360 588 2443 cupiuntque
612 2379 706 2425 suum
728 2360 864 2444 reperire
886 2361 1048 2444 periclum.

143 2465 286 2532 Concava
308 2466 399 2531 vallis
424 2468 501 2544 erat,
526 2484 587 2548 quo
611 2485 644 2532 se
669 2465 837 2532 demittere
860 2467 919 2532 rivi

61 2579 108 2635 335
144 2572 316 2638 adsuerant
337 2572 484 2655 pluuialis
509 2591 626 2655 aquae:
649 2575 738 2638 tenet
760 2574 825 2638 ima
848 2574 980 2640 lacunae

142 2680 232 2745 lenta
255 2679 334 2744 salix
355 2681 511 2763 ulvaeque
533 2682 619 2747 leues
641 2681 789 2763 iuncique
811 2682 970 2764 palustres

143 2786 324 2869 viminaque
348 2789 380 2852 et
402 2788 497 2869 longa
518 2805 634 2870 parvae
659 2788 717 2852 sub
739 2787 916 2852 harundine
940 2806 1068 2853 cannae.

143 2893 226 2958 Hinc
249 2912 324 2977 aper
347 2894 468 2958 excitus
490 2893 609 2959 medios
632 2894 790 2958 violentus
811 2893 845 2957 in
866 2889 975 2959 hostes

35 3064 39 3071 ,
144 2998 254 3077 fertur,
276 3001 314 3064 ut
337 3000 476 3065 excussis
500 3000 569 3064 elisi
590 3000 727 3065 nubibus
749 3000 848 3081 ignes.

59 3111 110 3168 340
147 3105 305 3170 Sternitur
327 3106 457 3171 inoursu
478 3124 591 3171 nemus
615 3107 647 3171 33
669 3107 820 3189 propulsa
841 3104 999 3188 fragorem

147 3213 227 3277 silva
249 3212 313 3276 dat.
357 3212 696 3285 Exclamantiuvenes
718 3213 946 3295 praetentaque
968 3211 1045 3278 forti

35 3355 45 3406 5
145 3319 209 3383 tela
231 3320 342 3385 tenent
364 3318 474 3384 dextra
496 3320 561 3384 lato
584 3319 741 3385 morantia
763 3319 854 3386 ferro.

144 3424 204 3490 Illa
226 3425 292 3490 ruit
315 3426 500 3508 spargitque
523 3444 626 3504 canes,
649 3427 687 3490 ut
711 3426 844 3508 quisque
866 3425 985 3492 furenti

148 3532 262 3609 obstat,
285 3532 317 3596 et
340 3532 465 3614 obliquo
488 3532 643 3596 latrantes
666 3530 799 3615 dissipat
821 3532 896 3597 ictu.

59 3643 110 3698 345
236 3637 350 3722 Cuspis
372 3638 522 3704 Echionio
544 3639 684 3722 primum
707 3640 850 3704 contorta
872 3639 990 3704 lacerto

145 3762 227 3809 vana
248 3743 311 3808 fuit
332 3745 510 3826 truncoque
533 3744 620 3810 dedit
642 3745 710 3809 leve
733 3745 849 3809 uulnus
873 3762 994 3810 acerno.

145 3849 300 3930 Proxima,
324 3851 352 3914 si
373 3851 480 3915 nimiis
503 3850 660 3916 mittentis
684 3850 802 3916 viribus
825 3868 885 3915 usa

145 3976 209 4022 non
231 3957 321 4036 foret,
343 3958 377 4022 in
400 3959 489 4040 tergo
512 3957 581 4022 risa
604 3958 654 4021 est
675 3958 812 4022 haesura
834 3957 950 4039 potito:

147 4063 273 4146 longius
295 4063 330 4128 it.
374 4064 493 4128 Auctor
516 4063 573 4129 teli
595 4063 776 4146 Pagasaeus
798 4062 902 4127 Iason.

57 4175 109 4231 350
143 4156 318 4248 ‘Phoebe',
341 4169 387 4234 313
409 4169 609 4252 Ampycides,
629 4157 677 4232 ‘si
699 4170 731 4233 te
757 4168 901 4251 coluique
925 4169 1063 4252 coloque,

146 4276 187 4340 da
208 4277 289 4341 mihi
312 4275 396 4358 quod
418 4276 539 4358 petitur
562 4278 647 4341 oerto
671 4275 851 4357 contingere
874 4264 967 4342 teloi'
