2858 4710
54 350 56 353 .
195 308 260 367 170
588 297 658 369 Aper
676 297 843 367 Calydonius.
878 297 1016 366 Meleager.

193 466 247 523 500
283 460 316 524 00
339 475 418 540 quos
441 458 579 523 sustinui
601 460 649 524 bis
671 476 819 524 mensum
843 459 981 541 quinque
1003 458 1149 522 labores?

284 565 309 632 0
334 565 458 629 utinam
480 566 591 649 primis
615 566 746 631 arsisses
769 566 894 648 ignibus
915 564 1029 643 inians,
1157 608 1160 615 -

281 672 377 754 idque
400 690 456 753 ego
479 691 574 754 passa
596 671 711 737 forem!
745 672 863 736 Vixisti
884 689 1016 736 munere
1038 671 1163 734 nostro:

274 797 366 869 nuno
388 778 501 843 merito
524 779 658 849 moriere
682 770 747 842 tuo.
791 777 878 862 'Cape
901 778 1044 861 praemia
1065 776 1143 840 facti
1177 815 1180 819 <

281 884 393 966 bisque
417 883 534 962 datam,
555 885 696 967 ‘primum
718 886 821 967 partu,
843 902 917 948 mox
940 884 1047 967 stipite
1070 885 1170 965 rapto,
1290 878 1292 881 ’

193 998 245 1054 505
282 990 378 1055 redde
402 991 557 1054 unimam!
581 1024 625 1036 -
647 991 698 1056 'vel
720 1004 772 1056 me
795 990 943 1055 fraternis
967 990 1048 1055 adde
1072 989 1240 1072 sepulcris!

278 1097 321 1161 Et
344 1096 434 1179 cupio
451 1098 490 1161 00
511 1113 642 1179 nequeo.
688 1096 770 1176 Quid
794 1100 910 1179 agorn?
943 1096 1035 1161 modo
1057 1097 1190 1160 uulnera
1211 1094 1360 1161 drauum

281 1204 355 1268 ante
379 1204 484 1268 oeulos
509 1203 588 1266 mibi
609 1205 687 1268 sunt
711 1205 743 1268 et
765 1205 874 1268 tantae
898 1203 1004 1268 coedis
1024 1202 1139 1284 imago,

279 1329 365 1375 nune
388 1310 529 1374 animum
552 1310 654 1392 pietus
678 1311 886 1392 maternaque
908 1310 1037 1374 nominc
1060 1308 1219 1390 lrcngtrnt.
1243 1336 1287 1356 -·2

279 1416 332 1480 Me
354 1415 523 1480 miseram!
552 1417 636 1480 male
658 1417 801 1494 vincetis,
825 1415 881 1480 sed
903 1415 1028 1493 vincite,
1051 1415 1182 1479 fretrus:

190 1528 243 1584 510
279 1521 449 1586 dummodo
473 1536 553 1603 quse
577 1521 690 1586 dedero
712 1520 799 1586 robis
824 1522 939 1586 solsoia
961 1538 1080 1604 uosque

171 1626 173 1629 ’
236 1618 238 1623 ’
279 1628 349 1711 ipsa
372 1615 505 1709 sequar.>
552 1627 649 1704 Dixit,
671 1628 843 1710 deruaq'ue
867 1637 977 1695 aversa
999 1628 1149 1694 trementi

278 1734 445 1799 funereum
467 1735 585 1798 torrem
607 1735 728 1799 medios
751 1731 884 1820 coniecit
906 1736 940 1799 in
961 1735 1060 1817 ignes.

277 1842 344 1905 Aut
367 1841 454 1906 dedit
477 1843 533 1905 aut
556 1841 643 1906 risus
667 1841 807 1923 gemitus
831 1844 881 1907 est
903 1843 970 1926 ipse
994 1837 1118 1907 dedisse

279 1948 385 2032 stipes,
408 1949 446 2012 ut
467 1948 574 2013 invitis
598 1950 760 2031 correptus
784 1950 824 2014 ab
846 1949 971 2031 ignibus
986 1949 1082 2037 ursit.

190 2060 243 2117 515
290 2075 294 2112 :
367 2053 491 2118 Inscius
515 2056 611 2136 atque
636 2054 751 2118 absens
772 2053 903 2119 flamma
924 2050 1102 2138 Meleagros
1126 2056 1166 2121 ab
1187 2046 1244 2120 illu

278 2161 382 2226 uritur
406 2161 438 2226 et
461 2161 563 2226 caeeis
584 2161 697 2225 torreri
719 2161 841 2226 viscera
864 2163 962 2226 sentit

277 2267 403 2349 ignibus
427 2285 464 2331 ae
485 2286 617 2348 magnos
642 2268 772 2350 superat
794 2268 911 2332 virtute
935 2267 1067 2332 dolores.
1177 2268 1179 2272 ’

279 2372 370 2452 Quod
392 2374 502 2439 tamen
523 2374 637 2454 ignavo
660 2372 753 2437 eadat
776 2375 808 2437 et
832 2374 899 2438 sine
922 2375 1076 2456 sanguine
1099 2368 1172 2452 leto,

277 2480 400 2544 maeret
423 2481 456 2543 00
477 2479 595 2543 Ancaei
618 2478 722 2543 lelioiu
744 2480 876 2544 uulnera
899 2479 984 2558 dicit,

189 2593 242 2650 520
279 2585 556 2669 grandaevumque
578 2586 703 2668 patrem
725 2585 903 2668 fratresque
926 2587 1059 2670 piusque
1081 2600 1203 2652 sorores

279 2711 352 2757 eum
374 2692 495 2774 gemitu
519 2692 698 2773 sociamque
721 2692 782 2756 tori
805 2694 896 2758 voest
918 2710 970 2758 ore
994 2707 1150 2776 supremo,
1329 2686 1331 2689 ’

277 2799 410 2863 forsitan
433 2799 465 2864 et
486 2800 631 2863 matrem.
677 2799 832 2865 Crescunt
853 2798 999 2882 ignisque
1022 2799 1180 2882 dolorque,

276 2906 549 2989 languescuntque
572 2906 705 2970 iterum:
730 2905 826 2970 simul
849 2908 898 2970 est
920 2907 1095 2971 exstinctus
1117 2909 1269 2988 uterque,

276 3012 372 3094 inque
395 3013 480 3077 leves
505 3012 583 3078 abiit
604 3013 759 3095 paulatim
783 3013 912 3096 spiritus
936 3028 1030 3078 auras

190 3125 244 3182 525
278 3119 436 3202 paulatim
459 3134 538 3183 canc
559 3135 695 3201 prunam
717 3119 842 3184 velante
865 3119 981 3184 fauilla.

365 3226 441 3289 Alta
463 3225 545 3290 iacet
568 3224 725 3308 Calydon:
748 3226 861 3307 lugent
882 3226 1075 3308 iuvenesque
1099 3224 1269 3308 senesque,

276 3331 460 3414 vulgusque·
477 3346 685 3413 proceresque
708 3333 849 3412 gemunt,
872 3326 1057 3414 scissaeque·
1076 3327 1205 3416 capillos

275 3438 471 3522 planguntur
493 3439 613 3502 matres
637 3437 848 3520 Calydonides
868 3439 1039 3504 Eueninae.

30 3590 127 3641 M
275 3545 410 3610 Pulvere
435 3544 583 3610 canitiem
606 3543 728 3625 genitor
750 3545 922 3626 vultusque
946 3546 1060 3610 seniles

187 3657 240 3713 530
275 3651 382 3716 foedat
403 3651 494 3716 humi
516 3649 606 3715 lusus
631 3649 868 3733 spatiosumque
890 3651 1033 3734 increpat
1056 3666 1178 3717 aevum.

275 3758 360 3823 Nam
383 3758 545 3823 demetra
568 3775 683 3821 manus
707 3757 766 3822 diri
789 3757 849 3822 sibi
872 3756 997 3823 conscia
1018 3758 1097 3824 facti

276 3865 379 3953 eregit
400 3881 517 3948 poenas
540 3866 610 3929 aeto
633 3881 689 3948 per
711 3865 833 3929 viscera
855 3863 946 3929 ferro.

276 3970 349 4034 Non
371 3971 450 4035 mihi
473 3972 501 4036 si
524 3972 653 4036 centurn
676 3970 754 4035 deus
778 3985 833 4035 ora
856 3971 1001 4036 sonantia
1023 3972 1141 4054 linguis

275 4076 500 4158 ingeniumque
524 4093 622 4160 aspar
643 4079 811 4159 totumque
833 4073 987 4142 Helieone
1010 4078 1158 4158 dedisset,

112 4173 122 4183 ⁸
185 4191 239 4247 535
274 4183 386 4248 tristia
401 4198 607 4267 persequerer
629 4185 818 4249 miserorum
840 4184 914 4248 uota
936 4202 1087 4250 summm.

274 4289 469 4356 Inmemores
492 4290 611 4354 decoris
633 4290 764 4355 liventia
786 4292 914 4373 pectora
936 4292 1085 4370 tundunt,
