2858 4710
165 258 229 316 160
539 247 723 316 Labyrinthus.
759 246 888 302 Ariadnes
906 265 1006 304 corona.

253 408 306 473 Me
328 408 494 473 miseram!
525 412 692 491 properare
715 409 812 487 iuvat,
835 409 1021 492 divulsaque
1043 409 1140 473 remis

253 514 340 579 unda
363 516 463 579 sonat.
508 514 635 579 Mecum
659 515 754 579 simul
777 515 811 579 a!
840 534 913 580 mea
934 517 1021 580 terra
1043 514 1174 580 recedit.

165 629 219 685 140
253 620 309 686 Nil
332 621 408 703 agis,
431 639 449 685 o
471 620 592 685 frustra
614 621 802 685 meritorum
825 621 921 686 oblite
943 639 1105 713 meorum;

251 729 402 810 insequar
423 727 568 805 invitum,
591 727 785 810 puppimque
810 728 953 812 amplexa
975 746 1142 793 recurvam

253 853 310 918 per
331 834 414 898 freta
436 831 531 916 longa
552 830 678 901 trahar?
728 834 791 898 Vix
814 835 944 914 dixerat,
966 835 1068 899 insilit
1090 834 1185 899 undis

257 941 524 1023 consequiturque
547 942 642 1018 rates,
665 939 800 1006 faciente
823 940 968 1025 cupidine
992 941 1100 1019 vires·

260 1046 496 1130 Gnosiacaeque
518 1048 630 1112 haeret
653 1065 757 1112 comes
780 1047 933 1112 invidiosa
956 1048 1091 1112 carinae.

166 1160 220 1216 145
344 1151 449 1232 Quam
471 1155 563 1236 pater
584 1155 622 1217 ut
645 1152 724 1218 vidit
747 1153 835 1236 (nam
856 1153 921 1217 iam
943 1153 1101 1237 pendebat
1123 1156 1156 1219 in
1180 1174 1264 1221 aura

258 1262 291 1326 et
313 1260 405 1325 modo
428 1259 532 1326 factus
555 1261 625 1325 erat
647 1259 742 1325 fulvis
765 1260 941 1326 haliaeetus
965 1260 1046 1344 alis),

256 1367 332 1445 ibat,
354 1369 392 1431 ut
413 1367 597 1431 haerentem
620 1368 722 1430 rostro
745 1367 900 1431 laceraret
924 1365 1053 1431 adunco.

256 1473 319 1538 Illa
341 1475 431 1538 metu
452 1473 584 1556 puppim
607 1472 735 1550 dimisit,
759 1474 791 1536 et
814 1490 892 1536 aura
915 1471 1082 1538 cadentem

258 1579 447 1644 sustinuisse
470 1579 559 1657 levis,
580 1597 621 1643 ne
643 1580 789 1660 tangeret
812 1596 958 1660 aequora,
981 1580 1050 1644 visa
1073 1581 1130 1645 est.

169 1693 223 1749 150
258 1685 374 1751 Pluma
396 1685 473 1749 tuit:
486 1676 614 1768 ‘plumis
637 1685 671 1749 in
694 1703 785 1750 avem
806 1686 934 1749 mutata
955 1687 1087 1751 vocatur

259 1790 340 1870 ciris,
364 1794 396 1857 et
419 1810 437 1856 a
460 1793 552 1873 tonso
576 1793 626 1856 est
647 1793 707 1856 hoc
729 1809 845 1856 nomen
868 1790 983 1875 adepta
1006 1793 1128 1876 capillo.

727 1987 779 2050 44.
802 1983 1029 2067 Labyrinthus.
1074 1985 1242 2053 Ariadnes
1264 2008 1397 2057 corona.

348 2110 432 2176 Vota
454 2111 522 2176 Iovi
543 2111 647 2176 Minos
669 2112 834 2176 taurorum
857 2127 986 2193 corpora
1009 2111 1137 2176 centum

261 2218 364 2296 solvit,
387 2219 425 2282 ut
448 2236 594 2301 egressus
617 2218 738 2282 ratibus
763 2215 913 2283 Curetida
935 2217 1055 2280 terram

262 2324 410 2406 contigit3
434 2325 467 2389 et
490 2324 597 2407 spoliis
619 2323 767 2388 decorata
790 2324 839 2387 est
860 2322 948 2404 regia
969 2322 1048 2386 fixis.

171 2437 224 2495 155
349 2429 499 2496 Creverat
522 2429 722 2512 opprobrium
745 2428 878 2511 generis,
900 2427 1090 2510 foedumque
1112 2431 1260 2513 patebat,

260 2536 373 2600 matris
397 2534 590 2600 adulterium
612 2535 746 2601 monstri
767 2535 907 2599 novitate
929 2533 1080 2599 biformis.

261 2642 411 2706 Destinat
432 2641 518 2706 hunc
539 2642 642 2706 Minos
665 2641 816 2706 thalamis
839 2659 1000 2706 removere
1022 2640 1178 2725 pudorem

261 2747 493 2831 multiplicique
516 2747 608 2812 domo
631 2748 796 2829 caecisque
819 2746 979 2811 includere
1001 2748 1104 2813 tectis.

263 2854 424 2920 Daedalus
446 2855 571 2937 ingenio
593 2854 701 2920 fabrae
725 2854 947 2920 celeberrimus
971 2853 1049 2918 artis

173 2971 227 3028 160
262 2962 353 3046 ponit
375 2979 454 3044 opus
476 2962 649 3044 turbatque
671 2962 764 3025 notas
787 2961 819 3025 et
841 2960 963 3024 lumina
985 2958 1102 3024 flexum

263 3068 351 3133 ducit
372 3068 406 3131 in
430 3086 567 3132 errorem
589 3068 750 3132 1111111111
773 3067 905 3148 ambage
928 3066 1061 3130 viarum.

262 3175 334 3238 Non
358 3192 448 3238 secus
472 3193 509 3239 ac
531 3173 658 3256 liquidis
680 3173 839 3257 Phrygius
862 3171 1054 3237 Maeandrus
1077 3172 1111 3236 in
1132 3171 1231 3236 undis

262 3278 345 3343 ludit
368 3280 401 3343 et
424 3280 571 3362 ambiguo
593 3280 686 3363 lapsu
708 3279 877 3361 refluitque
900 3278 1034 3360 fluitque

264 3403 493 3467 occurrensque
516 3385 576 3450 sibi
598 3386 749 3451 venturas
772 3385 906 3469 adspicit
928 3383 1040 3462 undas,

174 3499 227 3557 165
264 3493 297 3558 et
319 3511 404 3556 nunc
427 3490 466 3557 ad
488 3491 600 3570 fontes,
622 3511 707 3557 nunc
731 3491 771 3556 ad
792 3509 880 3556 mare
903 3509 1014 3556 versus
1039 3492 1186 3574 apertum

263 3600 401 3665 incertas
425 3601 549 3664 exercet
571 3617 687 3681 aquas:
710 3599 756 3664 ita
778 3597 938 3663 Daedalus
961 3598 1073 3681 implet

265 3707 448 3771 innumeras
472 3724 576 3771 errore
599 3706 675 3770 vias.
720 3697 845 3788 Virque
868 3705 935 3787 ipse
958 3704 1074 3769 reverti

266 3812 306 3877 ad
328 3813 425 3877 limen
447 3813 567 3897 potuit:
588 3814 682 3877 'tanta
705 3814 754 3878 est
776 3811 902 3876 fallacia
923 3810 1011 3875 tecti.

353 3918 423 3999 Quo
445 3921 616 4004 postquam
639 3920 798 4002 geminam
820 3918 906 3988 tauri
927 3915 1112 3999 iuvenisque
1134 3915 1275 3998 figuram

171 4034 228 4090 170
264 4026 387 4112 clausit¹
411 4027 442 4090 ct
464 4028 581 4091 Actaeo
603 4025 652 4091 bis
673 4028 803 4110 pastum
826 4023 978 4106 sanguine
1000 4024 1179 4089 monstrum
1240 4058 1244 4065 1

264 4133 361 4198 tertia
383 4151 450 4197 sors
475 4133 566 4198 annis
589 4132 711 4197 domuit
733 4131 868 4215 repetita
889 4129 1028 4209 10111111,

265 4241 364 4323 utque
387 4258 444 4323 ope
467 4239 608 4322 virginea
629 4240 725 4304 nullis
748 4238 864 4304 iterata
885 4235 1026 4321 priorum
