2858 4710
538 300 595 355 Lib.
612 297 659 368 IX,
677 317 701 355 v.
721 300 870 357 lto-aea.

188 460 288 544 Saepe
311 460 404 525 illum
426 459 566 543 gemitus
590 460 746 539 edentem,
769 479 863 545 saepe
885 460 1083 542 frementem,

186 585 279 651 saepe
301 568 549 652 retemptantem
571 568 657 632 totas
679 566 851 649 refringere
874 570 980 636 vestes

186 674 445 756 sternentemque
468 674 575 739 trabes
597 674 851 756 baseentemque
873 674 995 741 rideres

94 789 151 844 210
185 780 347 847 montibus
370 780 428 846 aut
449 780 552 864 patrio
575 779 760 846 tendentem
781 781 929 848 braoohia
952 783 1047 848 eaelo.

273 886 355 954 ane
376 885 498 953 Ltohan
520 886 681 970 trepidum
702 887 885 953 latitantem
906 906 986 973 rupe
1008 889 1119 954 aerata

187 993 337 1077 adspioit3
360 995 461 1075 utque
484 992 573 1058 dolor
595 994 717 1060 rabiem
739 994 920 1078 oonlegerat
943 1012 1078 1074 omnem,

183 1087 285 1179 ‘tune
306 1087 429 1178 Lieha',
451 1098 531 1165 dixit
550 1087 675 1165 ‘feralia
699 1099 780 1165 dona
804 1099 942 1166 dedisti?

187 1207 276 1272 Tune
298 1225 390 1271 meae
411 1205 498 1272 neeis
523 1207 634 1272 auotor
656 1193 756 1272 erie?'
804 1206 925 1271 Tremit
946 1207 1000 1273 ille
1022 1209 1180 1292 pavetque

96 1322 151 1377 215
185 1312 325 1397 pallidus
348 1314 382 1380 et
403 1312 515 1379 timide
538 1313 634 1378 verba
657 1313 840 1378 excusantia
863 1313 948 1379 dioit

185 1419 354 1485 Dioentem
376 1419 571 1502 genibusque
594 1438 709 1486 manus
733 1419 881 1485 adhibere
903 1421 1070 1504 parantem

187 1525 316 1611 oorripit
337 1525 463 1591 Aloides
487 1527 520 1591 et
541 1527 654 1608 terque
678 1527 854 1609 quaterque
876 1527 1018 1592 rotatum

186 1632 288 1698 mittit
309 1633 343 1697 in
364 1633 521 1699 Euboicas
544 1635 703 1699 tormento
726 1632 840 1698 fortius
863 1633 975 1699 undas.

186 1739 246 1805 Ille
268 1758 326 1823 per
348 1739 450 1807 adrias
473 1739 615 1824 pendens
637 1740 782 1806 induruit
805 1759 916 1817 auram

97 1853 153 1910 220
187 1846 287 1928 utque
310 1844 417 1911 ferunt
438 1844 556 1911 imbres
579 1846 691 1928 gelidis
714 1865 913 1913 eoneresoere
936 1847 1039 1913 ventis

187 1951 260 2018 inde
282 1952 371 2018 nives
393 1951 470 2030 fieri,
492 1952 617 2018 nivibus
642 1971 766 2035 qnoque
789 1954 885 2018 molle
907 1953 1021 2018 rotatis

189 2058 345 2142 adstringi
367 2060 400 2125 et
423 2059 526 2142 spissa
549 2059 718 2141 glomerari
740 2059 893 2142 grandine
916 2078 1049 2144 eorpus:

188 2167 234 2232 sio
255 2166 347 2230 illum
369 2166 482 2231 validis
505 2165 626 2231 iaetum
648 2166 819 2249 perinane
841 2167 970 2232 laoertis

189 2290 443 2355 exsanguemque
465 2274 556 2338 metu
577 2291 637 2338 nee
661 2273 831 2356 quiequam
852 2273 971 2339 umoris
994 2272 1166 2339 habentem

99 2387 153 2443 225
188 2379 222 2444 in
243 2379 361 2462 rigidos
383 2398 512 2446 versum
535 2379 639 2445 silioee
661 2380 746 2464 prior
765 2379 868 2446 edidit
890 2381 988 2445 aetas.

187 2485 282 2551 Nune
306 2504 430 2569 quoqne
451 2486 487 2551 in
507 2486 645 2552 Euboico
669 2487 816 2570 seopulns
838 2486 944 2552 brevis
967 2485 1085 2552 eminet
1108 2485 1172 2551 alto

189 2592 312 2675 gurgite
336 2594 369 2657 et
390 2592 549 2659 humanae
573 2594 680 2658 servat
701 2593 836 2676 vestigia
858 2592 996 2670 formee3

190 2716 294 2780 quem,
317 2699 409 2780 quasi
432 2717 609 2777 sensurum,
630 2700 749 2764 nautae
773 2699 894 2764 ealeere
917 2701 1067 2765 verentur

189 2805 414 2889 appellantque
435 2804 565 2870 Liohan.
589 2841 631 2853 -
653 2806 698 2869 At
720 2806 766 2882 tu,
787 2804 872 2870 Iovis
894 2805 1004 2871 inolita
1025 2806 1139 2889 proles,

102 2918 156 2976 230
192 2911 354 2976 arboribus
378 2910 487 2988 eaesis,
511 2929 591 2992 quas
614 2909 714 2975 ardua
737 2912 880 2993 gesserat
903 2910 992 2989 Oete,

187 3015 284 3100 inque
306 3035 420 3101 pyram
442 3017 582 3095 eunetis,
605 3034 714 3104 arqum
735 3016 982 3100 pharetramque
1006 3034 1155 3100 oapaoem

188 3141 348 3206 regnaque
372 3123 495 3189 visuras
518 3123 636 3188 iterum
658 3123 794 3189 Troiana
816 3125 951 3206 sagittas

189 3228 270 3295 ferre
292 3229 383 3295 iubes
405 3229 545 3295 Poeante
568 3232 684 3309 satum,
708 3249 769 3313 quo
792 3228 922 3295 flamme
944 3230 1090 3296 ministro

189 3336 325 3402 subdita.
368 3336 519 3418 Dumque
542 3336 642 3402 avidis
665 3336 902 3420 oomprenditur
924 3337 1050 3420 ignibus
1074 3355 1180 3420 agger,

101 3447 154 3504 235
190 3442 368 3525 oongeriem
390 3443 487 3509 silvae
510 3442 668 3509 Nemeaeo
691 3443 807 3509 vellere
830 3462 990 3509 summam

190 3549 305 3614 sternis
329 3550 362 3614 et
383 3549 532 3632 imposita
553 3549 661 3614 olavae
685 3549 804 3615 eervioe
826 3550 993 3628 recumbis,

189 3653 276 3719 hand
299 3655 487 3734 alio'vultu,¹
507 3673 604 3736 quam
627 3655 655 3720 si
677 3655 808 3721 oonriva
830 3656 949 3722 iaoeres

190 3760 274 3827 inter
295 3762 390 3845 plena
412 3762 492 3828 meri
514 3762 681 3827 redimitus
704 3763 818 3846 poeula
840 3764 943 3828 sertis.

278 3868 411 3950 Iamque
433 3869 543 3934 valens
566 3868 655 3933 etin
677 3887 769 3933 omne
791 3869 879 3934 latus
902 3867 1016 3933 diffusa
1039 3867 1172 3934 sonabat

102 3977 156 4035 240
192 3991 381 4056 seourosque
405 3975 494 4039 artus
517 3975 829 4058 contemptoremque
852 3976 981 4058 petebat
1058 3985 1065 3992 “

190 4077 321 4144 flamma
344 4099 455 4156 eunm;
477 4081 613 4147 timuere
636 4081 687 4146 dei
708 4100 765 4165 pro
788 4081 911 4147 rindioe
934 4084 1047 4150 terrae.

192 4183 278 4265 Quos
300 4187 347 4251 ita
369 4186 482 4272 (sensit
505 4186 602 4272 enim)
625 4189 709 4254 laeto
734 4187 903 4255 Saturnius
927 4208 979 4257 ore

190 4292 334 4377 Iuppiter
357 4293 554 4376 adloquitur:
575 4282 709 4361 ‘Nostra
732 4297 781 4362 est
803 4296 899 4361 timor
920 4297 982 4362 iste
1005 4297 1163 4381 voluptas,
