2858 4710
148 301 211 359 188
589 291 712 348 Alcmene
729 296 757 349 et
775 291 923 350 Galanthis.

236 472 253 518 o
278 453 392 537 superi,
414 454 543 537 totoque
565 454 666 520 libens
689 455 768 520 mihi
790 457 916 541 pectore
940 460 1056 539 grator,

147 568 199 624 245
237 560 321 642 quod
342 561 492 626 memoris
514 561 622 645 populi
645 561 731 626 dicor
752 565 919 644 rectorque
941 565 1105 647 paterque,

237 668 269 733 et
290 686 363 732 mea
384 668 550 751 progenies
573 669 678 733 vestm
703 687 827 751 quoquc
851 671 923 734 tuta
945 669 1051 736 fauore
1075 671 1133 736 est.

235 773 320 839 Nam
343 792 539 856 quamquam
560 774 660 857 ipsius
683 773 778 838 datur
799 775 859 839 hoc
880 775 1060 841 inmanibus
1084 779 1174 857 actis,

237 881 357 963 obhgor
379 881 446 964 ipse
469 883 586 945 tamen.
633 879 696 945 Sed
719 881 803 946 enim
825 899 885 946 nec
906 883 1036 966 pectora
1058 902 1138 949 vano

236 986 300 1051 fida
322 988 413 1052 metu
434 989 581 1070 paveant,
603 986 682 1052 istas
706 988 739 1052 et
761 987 900 1071 spernite
923 987 1086 1054 flammas!

148 1101 202 1157 250
238 1092 353 1159 Omnia
377 1093 431 1176 qui
453 1093 537 1171 vicit,
559 1093 672 1171 vincet,
696 1112 775 1175 quos
798 1094 937 1173 cernitis,
958 1095 1049 1177 ignes

237 1218 305 1266 nec>
318 1200 380 1265 nisi
402 1202 548 1265 materna
570 1199 752 1265 Vulcanum
774 1204 865 1284 parte
888 1203 1052 1285 potentem

239 1307 371 1372 sentiet:
397 1309 563 1372 aeternum
586 1307 636 1372 est
659 1325 678 1371 a
699 1325 751 1372 me
775 1307 859 1389 quod
881 1309 979 1372 traxit
1002 1311 1035 1373 et
1058 1327 1169 1393 expers

239 1416 335 1497 atque
357 1414 487 1479 inmune
509 1413 596 1479 necis
618 1413 763 1496 nullique
787 1413 942 1479 domabile
964 1413 1122 1481 dammae.

238 1520 339 1603 quue
363 1539 420 1603 ego
444 1519 631 1586 defunctum
653 1522 740 1585 terra
763 1520 952 1585 caelestibus
976 1522 1038 1586 oris

152 1634 204 1691 255
240 1627 402 1711 accipiam,
425 1627 610 1709 cunctisque
632 1646 741 1692 meum
763 1627 910 1692 laetabile
933 1626 1056 1692 iactum

241 1734 289 1800 dis
312 1732 378 1799 fore
402 1733 531 1800 confido.
578 1733 684 1816 Siquis
701 1736 816 1798 'tamen
838 1734 986 1812 Hercule,
1009 1735 1108 1816 siquis

240 1840 323 1906 forto
347 1840 404 1907 deo
428 1840 584 1905 doliturus
608 1841 677 1918 erit,
701 1840 777 1905 data
792 1840 940 1924 'praemia
961 1841 1057 1919 nolet,

241 1947 298 2012 sed
320 1947 475 2012 meruisse
499 1947 568 2012 dari
591 1946 671 2012 sciet
692 1946 874 2028 inritusque
897 1935 1067 2030 probabit'.

329 2054 507 2120 Adsensere
530 2053 597 2119 dei:
622 2054 756 2118 coniunx
780 2071 904 2135 quoque
927 2053 1015 2136 regia
1037 2053 1106 2118 visa
1121 2054 1180 2119 'est

153 2168 205 2224 260
242 2162 347 2226 cetera
368 2180 432 2225 non
455 2160 542 2238 duro,
565 2160 643 2225 duro
666 2161 776 2225 tamen
798 2160 913 2224 ultima
934 2161 1027 2225 vultu

243 2266 328 2332 dicta
351 2269 464 2332 tulisse
485 2267 570 2333 Iovis
593 2286 690 2349 seque
712 2266 883 2332 indoluisse
906 2268 1059 2332 notatam.

329 2374 457 2440 Interea
480 2373 700 2456 quodcumque
723 2372 785 2437 fuit
807 2374 986 2457 populabile
1008 2373 1158 2439 dammae

243 2480 398 2545 Mulciber
421 2480 606 2557 abstulerat,
627 2497 686 2545 nec
709 2480 924 2561 cognoscenda
946 2481 1100 2546 remansit

243 2586 391 2651 Herculis
415 2585 552 2668 effigies3
574 2585 828 2668 necquicquam
852 2586 891 2651 ab
913 2587 1051 2670 imagine
1075 2586 1207 2654 ductum

155 2700 208 2757 265
244 2693 357 2757 matris
379 2667 485 2771 habet,
522 2694 696 2774 antumque
719 2692 802 2757 Iovis
826 2692 960 2775 vestigia
983 2694 1097 2758 serrat.

244 2799 352 2881 thue
374 2806 475 2864 novus
499 2817 627 2883 serpens
650 2799 754 2883 posita
777 2818 850 2864 cum
872 2800 953 2883 pelle
978 2801 1105 2867 senecta

245 2907 405 2971 luxuriare
429 2908 510 2972 solet
532 2925 729 2989 squamaque
751 2906 854 2971 nitere
876 2907 1013 2972 recenti:

246 3013 300 3091 sic,
322 3013 377 3078 ubi
399 3015 551 3079 mortales
573 3014 758 3097 Tirynthius
782 3014 868 3100 exuit
892 3015 990 3092 artus,

245 3123 336 3204 parte
360 3121 410 3185 sui
431 3121 562 3186 meliore
585 3121 671 3203 viget
693 3121 856 3202 maiorque
879 3119 978 3184 videri

157 3236 210 3292 270
247 3228 350 3311 eoepit
373 3229 405 3291 et
428 3228 566 3308 augusta
587 3227 656 3291 deri
679 3228 834 3310 gravitate
857 3226 1022 3292 verendus.

248 3332 351 3413 Quem
373 3334 464 3416 pater
487 3333 684 3416 omnipotens
707 3334 791 3398 inter
814 3351 892 3398 cava
913 3333 1024 3398 nubila
1045 3334 1175 3416 raptum

248 3439 434 3523 quadriiugo
457 3458 553 3504 curru
575 3439 772 3504 radiantibus
794 3440 904 3504 intulit
927 3440 1031 3504 astris.

896 3635 946 3701 52.
969 3633 1121 3700 Alcmene
1139 3637 1172 3698 ‘et
1196 3632 1380 3701 Gulcatbia

338 3761 445 3827 Sensit
466 3761 557 3826 Atlas
580 3758 711 3844 pondus.
735 3796 777 3806 -
800 3760 914 3841 Neque
938 3759 1043 3824 adhuc
1067 3757 1273 3825 Stheneleius
1295 3760 1358 3825 iras

250 3869 388 3934 solverat
409 3867 610 3952 Eurystheus
633 3867 802 3949 odiumque
825 3866 859 3931 in
881 3867 968 3950 prole
990 3868 1161 3949 paternum

160 3985 213 4041 275
250 3976 415 4042 exercebat
438 3977 535 4040 atrox.
578 3974 623 4038 At
644 3974 746 4056 longis
770 3973 863 4038 anxia
886 3973 969 4037 curis

248 4082 374 4166 Argolis
396 4083 555 4159 Alcmene,
579 4082 711 4163 questus
733 4080 789 4144 ubi
810 4080 908 4163 ponat
930 4079 1038 4158 aniles,

143 4212 146 4217 ·
250 4189 301 4256 cui
323 4188 440 4254 referat
462 4189 532 4254 nati
548 4189 689 4253 testatos
712 4187 787 4252 orbe
809 4187 932 4252 labores
1159 4184 1161 4188 ”

250 4297 339 4364 cuive
363 4314 437 4361 suos
461 4314 562 4374 casus,
584 4294 672 4360 Iolen
694 4293 800 4358 habet.
844 4293 992 4358 Herculis
1013 4293 1103 4357 illam
