2858 4710
186 280 249 340 190
674 268 785 338 Dryope.
821 266 915 322 Iolaus.

273 430 412 496 Numine
436 428 566 513 decepto
588 428 696 494 risisse
721 428 915 496 Galanthida
937 428 1023 497 fama
1046 429 1113 494 eet:

273 537 429 605 ridentem
451 554 662 620 prensamque
685 535 762 619 ipsis
787 535 846 601 dea
871 553 965 601 saeva
988 535 1109 619 eapillis

274 643 380 722 traxit,
405 644 438 708 01
460 661 478 708 0
500 644 587 708 terra
610 660 723 727 eorpus
746 642 886 708 relevare
908 642 1069 707 volentem

276 751 387 829 arouit,
410 749 507 832 inque
529 748 625 833 pedes
649 748 787 814 mutavit
808 747 955 814 hraoohia
977 747 1104 832 primos.

182 866 238 923 320
275 856 455 923 Strenuitas
478 856 611 938 antiqua
632 857 750 934 manet,
772 874 831 921 neo
852 857 944 938 terga
966 855 1101 920 eolorem

275 963 408 1028 amisere
432 980 542 1027 suum:
566 961 668 1026 forma
691 963 740 1027 eat
763 962 886 1028 diversa
908 961 1014 1046 priori.

275 1068 364 1149 Quae
388 1068 463 1152 qnia
484 1067 630 1134 mendeai
651 1069 829 1152 parientem
851 1068 974 1134 iuverat
997 1087 1059 1146 ore,

275 1194 328 1242 ora
349 1175 451 1260 parit;
473 1177 662 1258 0001100000
687 1175 804 1255 domos,
827 1178 864 1240 ut
887 1177 920 1241 01
943 1177 1026 1254 ante,
1048 1161 1257 1257 frequentat'.

1039 1368 1089 1434 53.
1111 1366 1252 1452 Dryope.
1287 1367 1406 1435 Iolaus.

362 1493 462 1572 Dixit,
482 1495 515 1560 et
538 1493 703 1559 admonitu
724 1494 840 1559 veteris
864 1495 1022 1560 commota
1045 1493 1210 1559 ministrae

183 1607 239 1664 325
275 1600 440 1682 ingemuit.
485 1598 590 1679 Quam
613 1600 658 1665 sio
680 1620 780 1666 nurus
804 1601 854 1666 est
876 1599 984 1665 adfata
1007 1599 1183 1667 dolentem:

362 1693 421 1773 ‘Ta
442 1707 561 1784 tamen,
584 1725 601 1771 o
626 1707 776 1789 genetrix,
800 1707 920 1772 alienae
944 1707 1097 1789 sanguine
1119 1708 1227 1772 nostro

275 1814 369 1897 rapta
391 1813 497 1880 moret
519 1811 628 1878 faoies.
671 1811 755 1892 Quid
777 1813 805 1878 01
827 1812 885 1878 1111
906 1812 988 1877 mira
1011 1812 1127 1878 sororis

275 1918 343 1984 fata
365 1937 457 1986 10000
478 1919 637 1985 referam?
655 1937 858 2012 quamquam
878 1919 1091 2001 laorimaeque
1114 1918 1267 2002 dolorque

277 2025 453 2110 impediunt
474 2025 704 2111 prohibentque
726 2026 823 2108 loqui.
866 2026 941 2090 Fuit
963 2026 1056 2090 unios
1078 2026 1175 2090 matri

185 2140 241 2197 330
277 2132 341 2216 (me
363 2134 455 2217 pater
478 2151 515 2198 ex
537 2133 601 2197 alia
623 2132 745 2216 genuit)
767 2131 934 2198 notissima
955 2131 1058 2196 forma

279 2237 486 2305 Oeehalidum
507 2238 644 2323 Dryope.
689 2236 793 2318 Quam
815 2219 997 2320 virginitate
1021 2239 1181 2303 earentem

277 2345 405 2427 vimque
430 2344 480 2411 dei
501 2364 630 2428 passam
651 2345 792 2428 Delphos
814 2344 995 2427 Delumque
1017 2345 1159 2410 tenentis

279 2452 393 2536 exeipit
414 2450 625 2529 Andraemon,
649 2453 682 2515 01
703 2450 840 2516 hahetur
863 2451 994 2534 ooniuge
1017 2450 1099 2516 felix.

276 2557 338 2622 1101
359 2558 458 2635 10000,
481 2557 605 2623 00011110
628 2556 744 2623 devexo
765 2557 908 2640 margine
930 2556 1066 2623 formam

186 2671 242 2728 335
277 2663 379 2728 litoris
404 2661 559 2729 efficiens:
586 2682 748 2728 summum
769 2665 909 2747 myrteta
932 2665 1091 2729 eoronant.

278 2770 419 2836 Venerat
441 2771 504 2837 huo
525 2770 652 2854 Dryope
675 2770 815 2835 fatorum
836 2771 951 2849 000010,
975 2788 1099 2853 000000
1205 2793 1206 2797 ’

278 2876 441 2961 indignere
463 2877 576 2960 magis,
597 2877 746 2961 nymphis
769 2878 876 2942 latura
899 2896 1047 2952 eoronas3

278 2984 374 3067 inque
399 2985 471 3049 sinu
492 3003 636 3068 puerum,
660 2985 714 3067 qui
736 2984 877 3049 nondum
899 2983 1086 3067 impleuerat
1108 3000 1236 3059 annum,

280 3090 370 3155 dulae
393 3090 515 3156 ferebat
538 3109 617 3156 onus
640 3091 800 3175 tepidique
824 3109 880 3174 ope
903 3091 995 3157 laetis
1019 3090 1133 3155 alebat.

188 3205 244 3261 340
278 3196 375 3261 Haud
396 3197 507 3280 prooul
529 3216 548 3261 a
571 3199 683 3279 stagno
706 3197 817 3280 Tyrios
839 3197 966 3262 imitata
988 3197 1107 3262 oolores

279 3303 313 3367 in
336 3321 426 3386 spem
447 3303 600 3369 baoarum
621 3303 755 3369 fiorehat
777 3304 925 3385 aquatiea
947 3305 1038 3369 lotos.

280 3408 450 3494 Carpserat
470 3409 545 3475 hine
566 3410 701 3494 Dryope,
725 3428 803 3492 quos
827 3411 1036 3478 obleetamina
1057 3411 1132 3475 nato

279 3517 462 3601 porrigeret,
484 3516 594 3593 fiores;
618 3518 651 3582 et
672 3516 757 3582 idem
780 3516 904 3582 foetura
926 3518 1063 3596 videbar,
1087 3554 1129 3565 -

279 3642 418 3706 namque
442 3624 587 3690 aderam:
610 3624 676 3689 vidi
698 3626 806 3707 guttas
831 3643 847 3690 0
870 3624 947 3690 flore
971 3626 1118 3689 eruentes

189 3736 244 3793 305
281 3730 423 3796 deoidere
447 3733 479 3797 et
501 3731 637 3796 tremulo
660 3748 765 3795 ramos
787 3731 915 3796 horrore
937 3729 1066 3795 moveri.

282 3836 417 3916 Seilioet,
440 3840 478 3904 ut
499 3837 641 3903 referunt
663 3836 746 3902 tardi
768 3855 853 3902 nune
876 3836 1011 3919 denique
1035 3837 1184 3920 agrestes,

279 3942 368 4009 Lotis
390 3945 425 4008 in
444 3945 528 4009 hano
550 3944 698 4029 nymphe,
720 3943 844 4027 fugiens
867 3944 1001 4008 obseena
1023 3941 1139 4026 Priapi,

279 4051 459 4122 ooutnlerat
480 4069 596 4130 versos,
619 4052 743 4117 servato
765 4050 901 4127 nomine,
922 4049 1043 4114 soltus.

369 4157 535 4227 Nesoieret
558 4175 644 4227 soror
665 4158 732 4224 hoe.
778 4156 866 4237 Quae
891 4175 965 4222 eum
986 4156 1156 4240 perterrito
1177 4154 1265 4226 retro

189 4272 246 4333 300
280 4264 326 4331 ire
349 4266 382 4330 et
405 4263 543 4334 adoratis
566 4265 663 4332 vellet
685 4264 843 4330 (110001οῐ0
866 4263 1024 4349 nymphis,
