2858 4710
491 263 547 319 Lib.
565 263 624 332 VII,
642 282 665 319 v.
686 263 834 320 tea-eea.

142 424 239 507 deque
262 423 323 489 fide
348 425 463 506 questa
485 426 554 500 est3
578 427 611 490 61
634 424 763 489 crimine
787 425 909 490 concita
931 443 1012 490 rano

37 538 95 599 830
146 531 227 614 quod
249 531 329 595 nihil
351 532 409 609 est,
431 531 557 608 metuit,
579 532 696 596 metuit
719 530 786 596 sine
810 550 936 614 corpore
959 550 1074 597 nomen

142 640 173 704 et
194 637 280 703 dolet
301 637 409 703 infelix
433 638 534 704 veluti
557 637 596 702 de
618 638 738 721 paelice
761 656 845 704 vera.

98 813 101 817 ‚
143 745 240 828 Saepe
263 746 372 809 tamen
395 744 522 810 dubitat
545 746 714 828 speratque
737 744 915 809 miserrima
936 743 1006 809 falli

142 851 317 934 iudicioque
339 849 435 915 fidem
458 852 556 933 negat
579 852 620 929 et,
641 850 704 915 nisi
727 849 842 916 viderit
864 849 941 933 ipsa,

144 957 334 1023 damnatura
356 958 407 1022 sui
429 976 493 1021 non
516 959 565 1022 est
588 957 704 1023 delicta
725 957 843 1022 mariti.

59 1069 108 1126 635
227 1064 360 1129 Ρο61616
383 1064 571 1147 depulerant
592 1066 734 1130 Aurorae
757 1064 879 1128 lumina
902 1065 1045 1129 noctem:

142 1171 283 1254 egredior
306 1171 483 1252 silvamque
506 1172 589 1253 6616,
611 1169 773 1253 victorque
796 1189 852 1253 per
874 1170 990 1235 herbas

142 1280 250 1356 „hura
272 1277 369 1343 veni“
393 1277 466 1355 dixi,
489 1279 685 1359 „nostroque
707 1269 833 1341 medere
856 1277 989 1341 labori“.

140 1385 180 1449 ut
202 1384 307 1448 subito
330 1384 468 1466 gemitus
490 1383 573 1448 inter
595 1401 667 1447 mea
689 1384 785 1448 verba
808 1381 937 1447 videbar

140 1491 243 1556 nescio
268 1509 347 1573 quos
370 1490 512 1556 audisse:
537 1490 655 1568 ‚‚veni“
678 1491 787 1554 tamen
810 1490 998 1573 „optima!“
1021 1489 1128 1556 dicens

72 1602 114 1658 elo
143 1595 250 1662 fronde
273 1598 377 1663 levem
398 1616 510 1662 rursus
534 1597 704 1680 strepitum
726 1595 862 1661 faciente
886 1595 1005 1662 caduca

90 1743 94 1752 ·
140 1721 210 1768 sum
231 1706 323 1769 ratus
347 1721 416 1768 esse
438 1702 539 1768 feram
561 1703 726 1785 telumque
748 1703 876 1768 volatile
898 1703 980 1767 misi.

139 1809 261 1876 Procris
285 1811 371 1885 erat;
394 1808 560 1892 medioque
583 1810 696 1874 tenens
718 1809 752 1873 in
774 1810 901 1892 6661616
924 1792 1041 1874 vulnus

139 1917 190 1995 „ei
211 1917 314 1981 mihi“
338 1916 523 1981 conclamat.
568 1914 639 1979 Vox
662 1916 711 1980 est
734 1915 789 1980 ubi
811 1914 940 1997 cognita
961 1914 1044 1980 fidae

140 2023 288 2106 coniugis,
312 2022 352 2087 ad
374 2041 484 2087 1666111
506 2039 656 2105 61666666
680 2039 852 2103 amensque
876 2021 1009 2086 cucurri.

64 2131 108 2190 845
140 2128 364 2196 Semianimem
387 2131 419 2194 et
442 2146 568 2212 sparsas
590 2127 771 2193 foedantem
795 2128 947 2210 sanguine
970 2130 1075 2194 vestes

140 2238 172 2301 et
195 2254 254 2301 sua
276 2236 341 2322 (me
363 2235 545 2318 111166161111)
569 2234 608 2300 de
630 2235 761 2299 vulnere
784 2233 866 2300 done
888 2235 1070 2300 trahentem

139 2342 272 2421 invenio,
296 2359 472 2426 corpusque
495 2360 566 2406 meo
589 2341 669 2405 mihi
692 2341 795 2406 carius
818 2341 903 2406 ulnis

138 2449 287 2514 mollibus
310 2450 422 2514 attollo
446 2449 607 2530 scissaque
631 2449 799 2531 66661616
822 2449 911 2513 reste

114 2544 116 2549 ’
139 2557 271 2621 vulnera
294 2574 389 2620 saeva
411 2555 474 2638 ligo
498 2573 656 2637 conorque
679 2555 821 2620 inhibere
844 2573 996 2633 eruorem,

56 2667 105 2724 850
139 2680 201 2727 neu
223 2680 274 2726 me
296 2663 400 2726 morte
424 2679 483 2726 sua
506 2662 697 2726 sceleratum
720 2661 855 2739 deserat,
879 2679 944 2726 oro.

138 2768 268 2833 Viribus
290 2769 347 2832 illa
369 2786 479 2833 carens
503 2769 536 2832 et
557 2768 623 2832 iam
646 2767 835 2832 moribunda
858 2768 961 2849 coegit

137 2875 215 2940 haec
238 2894 272 2940 66
294 2891 397 2959 pauca
419 2873 523 2957 loqui:
547 2874 633 2952 „Per
654 2875 758 2939 nostri
780 2874 907 2939 foedera
929 2875 1005 2939 lecti

137 3000 255 3065 perque
279 2981 354 3047 deos
377 2983 509 3065 supplex
532 2999 585 3046 616
609 2999 803 3064 superosque
826 2999 987 3063 meosque,

136 3106 192 3171 per
214 3087 321 3171 siquid
342 3088 446 3153 merui
469 3088 507 3153 de
529 3089 563 3152 te
585 3088 665 3152 bene
687 3106 806 3171 perque
827 3089 1012 3153 manentem

47 3200 103 3256 855
136 3212 219 3260 nunc
243 3213 378 3277 quoque,
400 3213 474 3260 cum
495 3213 598 3277 pereo,
621 3213 751 3259 causam
773 3195 853 3259 mihi
874 3195 996 3273 mortis,
1019 3211 1168 3272 amorem,

78 3351 81 3360 .
137 3319 176 3366 ne
198 3301 349 3366 thalamis
371 3303 493 3365 Auram
515 3300 638 3384 patiare
660 3300 813 3367 innubere
835 3301 981 3366 nostrisf‘

222 3407 376 3485 Ι)1111,61
343 3425 537 3472 6611616111
559 3409 630 3472 tum
653 3407 789 3490 denique
811 3408 948 3473 nominis
971 3426 1041 3473 esse

140 3515 171 3578 t
140 3531 279 3579 661161
302 3515 335 3579 61
320 3513 458 3578 tdocui.
504 3512 567 3578 Sed
591 3513 668 3596 quid
690 3514 833 3580 docuisse
855 3514 1010 3580 iuvabat?

136 3619 277 3698 Labitur,
300 3621 333 3685 et
354 3637 471 3702 parvae
493 3619 622 3702 fugiunt
644 3639 718 3685 cum
741 3620 894 3703 sanguine
918 3621 1010 3686 uires.

44 3731 104 3787 860
136 3725 284 3808 Dumque
308 3726 428 3808 aliquid
452 3727 595 3810 spectare
617 3727 805 3809 potestne
829 3729 953 3810 spectat
976 3728 1065 3793 etin
1086 3744 1139 3791 me

134 3831 294 3898 infelicem
317 3833 458 3898 animam
479 3834 653 3916 nostroque
677 3834 805 3898 exhalat
827 3833 861 3898 in
884 3852 955 3908 616;

135 3939 190 4004 661
212 3940 305 4005 uultu
327 3940 457 4005 meliore
480 3939 561 4005 mori
584 3958 696 4005 secura
718 3929 862 4005 ridetur.'

220 4046 387 4111 Flentibus
409 4047 488 4112 haec
510 4045 681 4111 lacrimans
703 4047 795 4112 heros
818 4047 1034 4112 memoraliat:
1058 4047 1091 4113 et
1115 4065 1188 4115 6666

134 4153 258 4218 Aeacus
280 4153 457 4236 ingreditur
480 4152 597 4237 duplici
620 4172 693 4219 cum
715 4155 802 4237 prole
825 4173 970 4236 novoque

41 4264 100 4320 865
134 4259 242 4339 milite,
267 4278 363 4342 quem
386 4259 544 4342 Cephalus
568 4279 642 4325 cum
664 4243 807 4326 fortibus
823 4261 938 4344 accipit
961 4263 1069 4328 armis.
