2858 4710
527 269 584 324 ue.
601 269 648 338 rx,
666 287 690 324 v.
710 270 860 325 666-666.

78 441 133 498 645
172 431 273 499 Caras
296 433 329 497 et
352 430 515 496 armiferos
537 431 670 514 Lelegas
693 430 887 514 Lyciamque
909 433 1060 514 pererrat.

170 539 244 605 Iam
267 537 391 620 Cragon
415 540 448 602 61
469 537 620 621 Limyren
642 537 826 620 Xanthique
849 537 1022 619 reliquerat
1044 537 1155 616 undas,

173 663 300 729 quoque
324 644 493 711 Chimaera
515 645 589 726 iugo
611 644 724 709 mediis
747 645 946 728 inpartibus
969 645 1084 728 ignem,

172 754 286 837 peetus
310 754 342 817 et
365 770 421 817 ora
442 752 519 830 1666,
543 751 677 816 caudam
701 753 857 836 serpentis
880 751 1034 817 habebat:

174 859 325 924 deficiunt
348 858 455 936 611666,
478 877 551 923 cum
573 859 611 923 tu
634 859 755 922 lassata
777 858 935 940 sequendo

79 976 135 1033 650
174 965 311 1031 concidis
335 966 368 1030 et
391 963 471 1028 dura
493 965 604 1048 positis
627 965 742 1031 tellure
765 966 896 1048 capillis,

174 1072 278 1156 Bybli,
300 1071 384 1137 iaoes
407 1070 596 1153 frondesque
619 1072 675 1135 tuo
698 1071 816 1154 premis
841 1089 894 1136 ore
917 1070 1062 1136 caducas.

177 1178 276 1262 Saepe
299 1179 396 1243 etiam
418 1177 577 1261 nymphae
600 1178 719 1243 teneris
741 1177 927 1259 Lelegeides
950 1177 1034 1242 ulnis

130 1360 132 1362 v
175 1285 286 1351 tollere
309 1286 483 1360 conantum
507 1302 609 1367 saepe,
631 1286 670 1348 61
691 1283 857 1349 medeatur
880 1284 989 1362 amori,

175 1391 375 1476 praecipiunt
397 1390 576 1472 surdaeque
601 1390 752 1456 adhibent
775 1390 893 1455 solacia
915 1391 1032 1455 menti:

79 1506 137 1564 655
175 1500 267 1563 muta
288 1497 371 1563 iacet
393 1496 573 1579 viridesque
597 1497 663 1561 suis
686 1498 776 1563 tenet
798 1497 958 1580 unguibus
980 1497 1095 1562 herbas

175 1604 287 1688 Byblis
310 1605 344 1668 et
366 1605 508 1669 umectat
530 1604 735 1669 lacrimarum
758 1604 903 1686 gramina
924 1605 1000 1670 rivo.

176 1710 296 1776 Naidas
318 1711 369 1775 his
391 1729 515 1789 venam,
538 1729 620 1794 quae
642 1730 819 1793 numquam
843 1729 983 1776 66666666
1005 1711 1122 1794 posset,

178 1817 381 1901 supposuisse
404 1816 527 1882 ferunt:
552 1816 629 1899 quid
652 1818 737 1883 enim
760 1817 834 1882 dare
857 1819 962 1882 maius
984 1818 1168 1884 habebant?

265 1924 424 2002 Protinus,
446 1926 485 1988 ut
508 1925 593 1990 secto
615 1924 722 2007 piceae
746 1923 784 1988 de
808 1924 922 1989 cortice
946 1925 1065 2006 guttae,

82 2041 139 2096 660
176 2031 253 2096 6166
275 2032 372 2095 tenax
394 2030 524 2112 gravida
546 2032 657 2096 manat
679 2030 793 2095 tellure
815 2031 969 2109 bitumen,

177 2139 254 2202 utve
277 2138 336 2201 sub
359 2137 498 2202 adventu
521 2137 671 2221 spirantis
694 2138 765 2203 lene
788 2135 894 2202 faroni

178 2244 244 2309 6616
266 2244 466 2322 remollescit,
489 2262 572 2327 quae
594 2243 709 2326 frigore
732 2244 884 2322 constitit,
907 2243 1002 2322 unda,

179 2351 224 2415 sic
246 2350 385 2416 lacrimis
408 2352 598 2434 consumpta
619 2351 686 2416 suis
708 2350 868 2416 Phoebeia
888 2350 1000 2434 Byblis

179 2458 314 2522 66611166
335 2456 521 2535 insontem,
545 2458 600 2539 qui
621 2477 707 2523 nunc
730 2477 855 2540 quoque
878 2458 1013 2523 vallibus
1036 2457 1100 2521 illis

86 2572 142 2629 665
178 2582 296 2630 nomen
317 2564 415 2630 habet
437 2563 582 2630 dominae
604 2566 759 2648 nigraque
782 2565 841 2630 sub
864 2565 935 2630 11166
957 2566 1076 2630 manat.

1140 2758 1186 2822 55.
1210 2755 1318 2839 Iphis.

268 2884 368 2949 Fama
389 2885 464 2949 novi
486 2887 616 2951 centum
639 2883 790 2950 Cretaeas
812 2883 946 2950 forsitan
969 2885 1063 2949 urbes

180 2989 345 3073 implesset
366 2992 510 3070 monstri,
533 2992 560 3056 si
582 3010 646 3056 non
668 2992 824 3056 miracula
845 3009 947 3075 nuper

180 3095 293 3180 Iphide
315 3099 441 3161 mutato
465 3097 558 3164 Crete
581 3097 727 3181 propiora
749 3097 886 3162 tulisset.

269 3203 417 3269 Proxima
440 3203 595 3270 Gnosiaco
617 3223 694 3269 nam
718 3204 878 3287 quondam
900 3203 1052 3269 Phaestia
1074 3221 1171 3287 regno

88 3318 144 3374 670
181 3310 349 3393 progenuit
370 3311 467 3376 tellus
489 3312 634 3394 ignotum
656 3312 783 3377 nomine
805 3311 951 3394 Ligdum,

180 3416 319 3499 ingenua
342 3416 380 3482 (16
401 3417 493 3501 plebe
515 3418 628 3483 virum.
673 3419 741 3484 Nec
764 3437 878 3484 census
900 3419 933 3482 in
955 3419 1009 3484 illo

181 3523 346 3589 nobilitate
369 3542 429 3588 sua
450 3525 561 3602 maior,
583 3525 640 3590 sed
661 3526 729 3590 vita
750 3525 892 3607 fidesque

182 3629 346 3713 inculpata
367 3629 438 3694 1611.
484 3629 640 3695 Gravidae
664 3632 720 3712 qui
742 3632 884 3714 coniugis
908 3649 1001 3696 66666

183 3737 311 3801 vocibus
334 3736 385 3800 his
406 3737 539 3815 monuit,
562 3755 636 3802 cum
658 3737 725 3802 iam
745 3756 842 3821 prope
864 3739 977 3821 partus
1001 3736 1146 3801 adesset:

90 3852 146 3907 615
180 3830 284 3923 ‘Quae
306 3861 446 3922 6666666,
469 3843 531 3909 (166
556 3846 649 3910 sunt:
671 3844 802 3908 minimo
825 3845 864 3908 ut
886 3844 1025 3910 66166666
1043 3842 1159 3921 161666,

184 3951 283 4033 utque
305 3968 428 4015 marem
449 3951 573 4033 parias3
597 3950 755 4015 onerosior
779 3950 881 4015 altera
904 3967 972 4015 6666
995 3951 1053 4028 661,

185 4056 322 4121 6161666
344 4055 600 4140 fortunanegat
645 4055 737 4136 Quod
761 4057 931 4135 abominor,
954 4074 1028 4139 ergo

185 4162 271 4227 edita
292 4162 373 4228 forte
395 4165 453 4227 tuo
475 4162 573 4229 fuerit
596 4164 624 4229 61
646 4163 765 4230 femina
786 4165 891 4247 partu,

186 4269 317 4353 (1661166
338 4269 472 4335 mando:
494 4270 608 4353 pietas,
630 4271 756 4354 ignosce
766 4271 787 4355 1)
809 4259 959 4338 necetur?
