2858 4710
407 275 464 335 Ilb,
481 275 527 343 IX,
546 293 569 330 r.
588 276 738 333 aes-315.

55 435 195 519 imperiis
218 435 424 517 thalamoque
448 437 615 518 animoque
638 440 801 522 receperat
822 438 939 523 Hyllus

5 557 13 596 r
54 542 265 626 impleratque
288 543 417 607 uterum
440 561 590 625 generoso
614 545 742 610 semine.
788 543 848 611 Cui
871 546 916 611 sie
946 605 947 608 ,

54 648 166 732 incipit
187 649 355 713 Alcmene:
377 635 533 714 ‘Fareant
555 650 614 715 tibi
636 651 769 716 nurnine
792 652 909 716 saltem

56 755 288 839 corripiantque
310 774 425 833 moras,
448 757 519 820 tum
542 775 616 822 oum
637 759 766 823 matura
787 758 913 824 vocabis

54 861 268 945 praepositam
289 861 409 926 timidis
432 863 628 945 parientibus
650 863 824 948 Ilithyiam,

57 986 153 1050 quam
176 967 255 1033 mihi
278 967 438 1034 difficilem
460 969 591 1034 Iunonis
614 971 718 1053 gratia
740 970 823 1036 fecit.

144 1073 291 1156 Namque
313 1074 472 1140 laboriferi
496 1094 569 1141 cum
591 1076 656 1141 iam
678 1077 795 1141 netahs
820 1077 946 1143 adesset

55 1180 201 1245 Herculis
225 1181 258 1245 et
280 1180 438 1245 decimum
459 1184 658 1264 premeretur
681 1182 782 1249 sidere
806 1183 942 1266 signum,

55 1287 208 1352 tendehat
230 1287 368 1369 gravitas
392 1290 520 1352 uterum
542 1289 630 1367 mihi,
654 1289 800 1372 quodque
823 1288 973 1369 ferebam,

55 1395 183 1458 tantum
207 1395 284 1472 erat,
306 1395 344 1458 ut
365 1413 474 1477 posses
498 1396 661 1461 enatarem
683 1395 786 1461 dicere
809 1395 887 1462 tecti

55 1499 202 1584 ponderis
225 1518 294 1564 esse
315 1499 434 1565 Iovem.
479 1500 547 1566 Nec
568 1501 633 1566 iarn
655 1503 791 1567 tolerare
815 1494 937 1568 dolores

7 1622 14 1662 ι
57 1607 191 1673 ulterius
213 1609 373 1691 poteram:
398 1608 476 1688 quin
497 1627 583 1674 nuno
607 1627 732 1691 quoque
755 1608 888 1692 frigidus
913 1611 1012 1689 artus,

57 1713 134 1779 dum
155 1715 275 1796 loquor,
298 1713 411 1778 horror
432 1714 538 1793 habet,
560 1733 698 1798 parsque
723 1718 772 1781 est
794 1717 977 1782 meminisse
1001 1716 1128 1782 doloris.

1 1849 2 1855 ¹
58 1820 188 1905 Septem
212 1838 269 1902 ego
291 1839 348 1903 per
369 1821 487 1898 noctes,
509 1820 643 1886 totidem
666 1821 806 1887 cruciata
828 1822 948 1901 diebus,

57 1926 141 1992 fessa
162 1927 255 1990 malis
277 1925 475 2008 tendensque
499 1926 539 1995 ad
562 1928 685 1992 caelum
707 1927 855 1994 bracchia
876 1946 992 2011 magno

56 2033 210 2099 Lucinam
233 2032 393 2114 Nixosque
415 2034 522 2115 patres
548 2033 684 2098 clamore
707 2035 868 2099 vocabam.

1 2145 19 2202 o
55 2139 117 2204 Illa
140 2138 267 2221 quidem
289 2138 386 2216 venit,
409 2138 465 2207 sed
486 2141 712 2223 praecorrupta
733 2159 923 2224 meumque>

58 2265 139 2328 quae
163 2246 279 2315 donare
303 2246 399 2328 caput
420 2233 536 2309 Iunoni
559 2245 655 2310 vellet
677 2247 814 2329 iniquae.

56 2353 164 2434 thue
186 2370 274 2416 meos
298 2351 387 2416 audit
410 2351 557 2434 gemitus,
581 2352 724 2418 subsedit
745 2353 779 2418 in
801 2354 857 2419 illa

58 2458 236 2525 anteferes
260 2476 324 2536 ara,
347 2458 518 2541 dextroque
543 2478 562 2524 a
583 2460 702 2544 poplite
724 2462 853 2527 laevum

56 2585 166 2650 pressa
189 2585 273 2648 genu
296 2565 403 2648 digitis
425 2567 566 2645 intense
589 2566 713 2650 pectine
737 2568 854 2634 iunctis
945 2592 946 2595 ¹

9 2689 16 2728 ι
58 2673 210 2738 sustinuit
230 2674 351 2757 partus.
396 2673 507 2738 Tacite
530 2692 655 2756 quoque
680 2676 820 2740 carmina
842 2694 917 2742 voce

58 2780 145 2858 dixit,
168 2781 201 2844 et
222 2779 365 2862 inceptos
388 2780 562 2844 tenuerunt
584 2780 725 2844 carmina
745 2783 866 2864 partus.

58 2887 151 2951 Nitor
174 2888 207 2952 et
228 2886 354 2968 ingrato
377 2884 457 2951 facio
481 2887 621 2952 convicia
644 2887 773 2951 demens

59 3012 143 3065 rana
161 2992 230 3058 Iovi
253 2992 407 3076 cupioque
429 2994 511 3057 mori
532 2995 722 3074 moturaque
746 2993 842 3058 duros

58 3101 153 3165 rerba
177 3117 290 3182 queror
313 3099 425 3164 silices.
470 3098 591 3163 Matres
615 3097 804 3165 Cadmeides
828 3098 945 3165 adsunt

0 3247 1 3250 =
58 3208 197 3288 votaque
221 3206 399 3290 suscipiunt
422 3205 691 3288 exhortanturque
714 3205 881 3272 dolentem

58 3313 132 3378 Una
153 3312 381 3391 ministrarum,
403 3311 508 3376 media
530 3311 569 3376 de
591 3313 692 3396 plebe,
716 3312 892 3393 Galanthis,

58 3418 141 3484 flava
164 3437 279 3497 comas,
302 3418 421 3496 aderet,
443 3418 593 3484 faciendis
617 3421 748 3484 strenua
770 3419 875 3499 iussis,

60 3526 169 3592 officiis
193 3526 308 3592 dilecta
331 3525 406 3590 suis.
450 3525 498 3589 lla
521 3526 621 3590 sensit
642 3526 752 3608 iniqua

58 3635 164 3699 nescio
188 3634 264 3716 quid
285 3632 406 3697 Iunone
429 3632 512 3712 geri:
537 3630 676 3714 dumque
700 3632 764 3697 erit
787 3635 820 3698 et
840 3633 942 3698 intrat

7 3747 25 3802 0
61 3759 155 3824 saepe
177 3740 270 3818 fores,
293 3739 399 3804 diram
422 3738 613 3803 residentem
636 3738 716 3804 vidit
737 3739 771 3802 in
795 3757 850 3804 ara

59 3846 267 3929 bracchiaque
290 3845 324 3909 in
346 3845 478 3928 genibus
502 3845 610 3927 digitis
634 3863 750 3910 conexa
772 3847 945 3924 tenentem,

61 3955 94 4019 et
116 3970 356 4037 „quaecumque
379 3957 444 4030 es“,
468 3952 513 4017 eit
535 3951 702 4030 „dominae
726 3954 869 4034 gratare:
893 3952 999 4018 lerata
1022 3953 1073 4018 est

59 4061 185 4144 Argolis
207 4060 357 4126 Alcmene
379 4059 563 4142 potiturque
585 4077 741 4142 puerpera
763 4059 866 4123 roto“.

117 4166 288 4232 *Exsiluit
309 4165 498 4247 iunctasque
519 4184 634 4230 manus
656 4164 821 4249 pavefacta
842 4165 965 4231 remisit

9 4280 25 4336 5
61 4274 133 4340 dire
154 4276 266 4359 potens
288 4272 389 4338 uteri:
414 4272 524 4359 vinclis
547 4273 634 4338 levor
656 4273 726 4357 ipsa
747 4271 898 4341 remissis.
