2910 4710
179 266 242 324 172
516 255 630 310 Theseus
648 255 718 326 opud
734 255 884 310 Acheloum.
919 256 1052 311 Perimele.

265 417 441 482 instruxere
465 417 566 500 epulis
589 436 716 483 mensas
740 416 1087 499 dapibusqueremotis

265 523 299 588 in
322 542 447 605 gemma
469 542 601 607 posuere
623 542 756 588 merum.
801 523 883 587 Tum
904 524 1060 588 maximus
1083 524 1185 603 heros,

266 648 404 712 aequora
425 630 618 714 prospiciens
642 631 740 695 oculis
764 629 913 708 subiecta,
934 617 1033 711 ‘quis'
1059 630 1165 712 inquit

177 744 230 802 575
263 724 333 801 ‘ille
356 725 483 801 locus?’
516 736 677 819 digitoque
701 736 847 814 ostendit,
867 723 920 801 ‘et
941 736 1046 801 insula
1066 755 1182 801 nomen

268 843 541 941 55511551151115,
565 842 656 907 doce:
681 861 875 925 quamquam
897 862 960 907 non
983 861 1047 908 una
1069 831 1220 908 ridetur’.

354 950 466 1014 Amnis
490 949 529 1013 ad
551 950 631 1014 11555
651 937 732 1013 ‘non
756 936 817 1013 est'
842 949 947 1031 inquit
966 937 1063 1031 ‘quod
1087 949 1223 1029 cernitis,
1246 971 1368 1017 unum:

268 1056 407 1138 quinque
429 1055 534 1119 iacent
555 1057 677 1119 terrae:
702 1056 841 1137 spatium
865 1054 1047 1119 discrimina
1068 1055 1160 1119 fallit.

268 1161 398 1244 Quoque
421 1162 527 1226 minus
551 1163 675 1245 spretae
698 1161 820 1226 factum
842 1162 955 1226 mirere
978 1162 1108 1241 Dianae,

178 1276 231 1332 580
266 1268 376 1333 naides
399 1269 459 1333 1155
483 1268 619 1332 fuerant.
665 1265 754 1346 Quae
777 1267 920 1333 cumbis
945 1268 1083 1350 quinque
1106 1269 1253 1335 1111511555

266 1375 462 1440 mactassent
484 1375 630 1456 rurisque
653 1373 727 1438 deos
751 1374 791 1438 ad
814 1392 904 1438 55515
927 1376 1101 1453 1555555115,

265 1481 455 1545 inmemores
478 1481 579 1545 nostri
601 1479 700 1544 festas
724 1480 839 1545 duxere
863 1481 1000 1544 choreas.

265 1585 418 1664 Intumui,
443 1587 643 1667 quantusque
666 1585 757 1664 feror,
781 1605 853 1650 oum
874 1586 1031 1669 plurimus
1054 1605 1217 1669 umquam,

266 1694 377 1757 tantus
402 1710 498 1770 eram,
520 1692 702 1775 pariterque
725 1691 838 1756 animis
861 1692 997 1756 inmanis
1022 1693 1055 1756 55
1076 1693 1170 1758 undis

177 1806 231 1863 585
267 1817 286 1864 a
309 1799 396 1863 511115
420 1798 514 1862 silvas
539 1800 571 1863 et
594 1798 633 1862 ab
657 1798 740 1862 51115
764 1817 839 1863 5115
861 1799 987 1876 15111151,

269 1924 403 1988 cumque
425 1907 493 1969 1555
515 1906 681 1988 nymphas,
704 1923 859 1970 memores
882 1906 952 1969 tum
975 1904 1109 1987 denique
1131 1907 1241 1987 nostri,

265 2012 300 2076 in
322 2011 404 2077 freta
426 2012 576 2095 51515111.
621 2011 753 2076 Eluotus
776 2013 948 2094 nosterque
970 2011 1131 2094 marisque
1171 2058 1173 2062 -

267 2118 449 2183 continuam
472 2117 596 2182 diduxit
617 2118 753 2182 humum
775 2120 945 2201 partesque
967 2118 1099 2182 resolvit

265 2225 298 2289 in
321 2225 463 2303 totidem,
485 2225 597 2289 mediis
621 2226 699 2307 quot
721 2225 822 2289 cernis
845 2224 1023 2289 Echinadas
1045 2224 1147 2288 undis.

177 2339 230 2395 590
265 2332 313 2398 Ut
334 2333 443 2396 tamen
465 2331 532 2414 ipse
555 2331 652 2408 vides,
675 2331 784 2413 procul
807 2350 846 2396 en
868 2331 978 2414 procul
1001 2349 1066 2395 una
1087 2330 1217 2396 recessit

266 2437 379 2515 insula,
403 2438 495 2518 51555
516 2436 612 2511 mihi;
634 2436 813 2501 Perimelen
834 2437 943 2501 1151155
965 2436 1050 2501 dicit.

265 2542 349 2607 Huic
371 2561 428 2624 555
450 2541 627 2623 virgineum
650 2542 784 2607 dilectae
807 2561 921 2607 nomen
944 2543 1057 2607 ademi.

267 2647 358 2728 Quod
379 2648 470 2731 pater
492 2647 707 2731 Hippodamas
731 2667 823 2731 55515
846 2649 929 2727 tulit,
951 2649 1047 2731 inque
1070 2649 1261 2732 profundum

265 2754 405 2839 propulit
428 2774 444 2818 5
468 2755 596 2838 scopulo
618 2755 780 2837 periturae
804 2774 932 2838 corpora
954 2758 1058 2820 natae.

177 2869 230 2925 555
264 2862 381 2944 Excepi
402 2862 596 2943 nantemque
619 2860 723 2926 ferens
747 2880 788 2940 „0
811 2863 952 2945 proxima
974 2862 1085 2926 mundi

177 2979 230 3033 555
265 2988 363 3051 regna
384 2973 505 3050 vagae“
531 2967 594 3033 dixi
616 2969 753 3047 „sort'te
776 2968 955 3033 tridentifer
976 2968 1089 3047 undae,

177 3112 389 3122 -—-——-—-—-

248 3215 273 3253 5.
291 3201 440 3253 597-608
457 3197 489 3252 ia
506 3197 602 3252 maltis
621 3197 698 3252 libris
716 3191 846 3267 1555115151
862 3199 907 3253 bi:

389 3282 436 3339 ‘In
454 3302 505 3356 quo
523 3286 672 3354 desinimus,
691 3303 742 3356 quo
761 3287 827 3343 sacri
845 3287 973 3341 currimus
991 3303 1079 3341 amnes

389 3374 441 3427 huc
458 3375 520 3429 ades
537 3377 616 3446 atque
634 3375 697 3429 audi
714 3376 839 3446 placidus,
858 3376 989 3447 Neptune,
1007 3379 1163 3448 precantem.

388 3461 458 3516 Huic
475 3480 530 3532 555,
552 3480 629 3534 quam
646 3466 731 3534 porto,
749 3465 834 3518 nocui.
870 3464 898 3519 Si
916 3465 989 3519 mitis
1007 3468 1035 3519 et
1052 3482 1159 3536 aequus,

390 3552 413 3606 si
430 3554 506 3622 pater
522 3551 708 3622 Hippodamas,
728 3555 775 3606 aut
793 3553 919 3608 siminus
937 3554 1032 3624 impius
1050 3557 1127 3623 esset,

389 3640 480 3694 debuit
496 3640 568 3694 illius
586 3641 710 3709 misereri,
728 3641 859 3711 ignoscere
878 3639 967 3698 nobis?

366 3728 528 3796 8555551151
545 3745 569 3784 o.
589 3733 744 3799 cor-602,
758 3736 824 3801 post
842 3747 909 3801 quos
926 3731 1109 3786 moraiaotwr
1126 3732 1207 3786 baec:

387 3813 472 3871 ‘huno
490 3834 591 3889 quoque
609 3817 778 3890 complectar?
816 3820 900 3874 Movit
917 3823 1003 3890 caput
1014 3837 1154 3891 aequoreus
1172 3836 1217 3874 rex

388 3906 568 3978 concussitque
586 3908 641 3962 suis
655 3925 742 3963 omnes
760 3909 913 3964 adsensibus
930 3908 1022 3964 undas.

387 3994 518 4049 Extimuit
534 3997 654 4067 nymphe,
672 3998 754 4052 nabat
771 4000 866 4052 tamen.
902 3997 961 4067 Ipse
978 3998 1096 4052 natantis

387 4085 493 4153 pectora
511 4086 650 4156 tangebam
669 4086 770 4157 trepido
788 4085 910 4140 salientia
927 4088 1008 4141 1115511.

387 4172 508 4243 Dumque
526 4190 557 4227 ea
574 4177 714 4242 contrecto,
733 4177 820 4229 totum
839 4174 973 4228 durescere
991 4175 1060 4229 sensi
1104 4229 1122 4251 l

390 4277 482 4331 eorpus
500 4264 528 4315 et
545 4262 653 4316 inducta
670 4263 745 4317 condi
763 4263 912 4333 praecordia
930 4266 1007 4318 terra.
