2858 4710
135 288 200 346 lla
610 278 701 332 Pallas
717 286 746 332 et
763 278 892 332 huchue.

315 437 425 503 Pallas
448 456 548 503 annm
571 439 704 503 simulat
726 438 889 520 falsosque
910 439 945 502 in
968 442 1111 521 tempora
1133 457 1236 503 canos

225 544 315 610 addit
339 548 373 611 et
394 544 546 622 infirmos,
568 546 683 610 baculo
706 564 786 626 quos
809 546 957 621 sustinet,
980 548 1078 608 artus

224 652 307 717 Tum
331 652 377 717 sio
401 670 474 717 orsa
496 651 605 733 loqui:
626 639 714 714 ‘Non
737 651 844 715 omnia
866 651 1016 733 grandior
1038 653 1137 728 aetas,

228 777 311 842 quae
334 758 507 842 fugiamus,
528 758 643 822 habet:
668 758 748 822 seris
771 759 860 822 venit
881 777 960 822 usus
983 759 1023 822 ab
1047 757 1146 821 annis.

152 875 188 931 30
226 865 404 933 Consilium
426 882 467 930 ne
491 882 605 947 sperne
627 882 747 929 meum.
791 864 862 928 Tibi
884 864 971 929 fama
992 867 1122 948 petatur

225 974 312 1038 inter
334 971 489 1037 mortales
513 969 678 1034 faciendae
699 970 841 1034 maxima
863 970 974 1035 lanae:

224 1080 300 1145 cede
325 1078 403 1144 deae
426 1077 617 1159 veniamque
640 1077 716 1153 tuis,
738 1077 918 1153 temeraria,
941 1077 1035 1141 dictis

224 1185 366 1270 supplice
389 1202 464 1250 roua
488 1201 584 1266 roga:
607 1184 735 1247 reniam
757 1182 847 1248 dabit
868 1184 925 1247 illa
948 1171 1090 1265 roganti'

312 1290 458 1374 Adspicit
480 1290 564 1354 hanc
586 1289 686 1354 torris
708 1289 900 1372 inceptaque
922 1289 978 1352 fila
999 1289 1162 1371 relinquit,

150 1406 186 1463 35
223 1399 339 1481 virque
362 1414 496 1462 manum
518 1395 661 1460 retinens
684 1394 895 1478 confessaque
917 1395 1060 1459 vultibus
1082 1396 1166 1458 iram

224 1505 343 1570 talibus
368 1503 537 1567 obscuram
559 1502 706 1565 resecuta
728 1504 779 1565 est
800 1501 935 1566 Pallada
957 1501 1069 1565 dietis:

222 1598 355 1676 ‘Mentis
379 1609 471 1693 inops
493 1608 654 1690 longaque
676 1607 766 1671 renis
789 1607 933 1672 conlecta
955 1609 1093 1672 senecta.

222 1716 265 1781 Et
287 1716 424 1780 nimium
446 1713 640 1779 vixissediu
661 1717 764 1778 nocet
808 1714 928 1779 Audiat
950 1714 1038 1791 istas,

224 1822 317 1905 siqua
340 1822 399 1887 tibi
421 1839 523 1886 nurus
546 1822 606 1897 est
629 1820 722 1901 siqua
745 1823 796 1884 est
818 1821 878 1885 tibi
899 1820 974 1897 filia,
996 1838 1097 1885 rocos.

150 1938 187 1994 40
224 1928 356 1996 Consilii
379 1927 459 1993 satis
483 1926 590 1992 estin
611 1944 664 1991 me
687 1926 776 1990 mihi.
821 1926 910 1992 Nera
932 1925 1090 1992 monendo

222 2034 395 2119 proiecisse
418 2036 522 2119 putes,
547 2032 658 2098 eadem
683 2037 732 2098 est
754 2033 915 2098 sententia
935 2034 1036 2098 nobis.

224 2141 290 2207 Cur
312 2160 376 2206 non
400 2142 470 2224 ipsa
492 2140 604 2205 venit?
627 2158 685 2203 our
706 2139 786 2204 haee
809 2140 985 2204 certamina
1007 2124 1127 2202 ritatl’

225 2247 307 2311 Tum
331 2247 393 2311 dea
413 2233 529 2310 ‘venit’
556 2244 611 2321 ait
640 2243 840 2327 formamque
863 2245 999 2310 removit
1022 2245 1136 2308 anilem

110 2387 113 2393 -
224 2351 422 2433 Palladaque
445 2350 598 2415 exhibuit.
643 2349 848 2416 Venerantur
870 2351 1004 2416 numina
1025 2351 1189 2434 nymphae

150 2467 187 2523 45
223 2456 497 2542 Mygdonidesque
520 2474 640 2520 nurus:
664 2456 732 2521 sola
755 2460 891 2523 estnon
913 2458 1027 2522 territa
1049 2457 1146 2538 virgo.

227 2564 289 2630 Sed
313 2565 423 2627 tamen
447 2561 584 2639 erubuit,
603 2562 799 2653 ¹subitusque
821 2564 923 2628 inrita
944 2563 1067 2628 notarit

223 2688 278 2735 ora
300 2669 397 2732 rubor
418 2685 595 2750 rursusque
619 2669 757 2745 evanuit,
779 2672 817 2733 ut
840 2670 922 2734 solet
944 2673 999 2733 aer

222 2792 404 2859 purpureus
426 2772 505 2849 fieri,
527 2791 602 2837 cum
625 2774 766 2855 primum
790 2791 904 2838 aurora
926 2777 1081 2850 moretur,

225 2883 258 2946 et
281 2880 376 2945 breve
398 2881 472 2962 post
495 2881 622 2961 tempus
645 2878 833 2944 candescere
857 2880 932 2944 solis
956 2881 996 2945 ab
1018 2882 1100 2944 ortu.

152 2994 188 3050 50
224 2986 357 3052 Perstat
378 2986 412 3050 in
434 2986 562 3069 incepto
586 2985 784 3068 stolidaeque
808 2987 954 3071 cupidine
977 2988 1102 3070 palmae

223 3092 256 3155 in
280 3110 339 3156 sna
361 3091 429 3156 fata
451 3093 533 3155 ruit:
556 3109 660 3173 neque
684 3093 770 3156 enim
792 3092 867 3157 Iove
889 3096 967 3157 nata
981 3093 1125 3168 recusat,

222 3216 282 3263 nee
304 3200 414 3262 monet
436 3197 583 3273 ulterius,
605 3215 665 3261 neo
687 3196 752 3261 iam
776 3199 952 3263 certamina
974 3197 1088 3262 differt.

311 3302 407 3367 Hand
430 3320 529 3379 mora,
552 3303 752 3366 constituunt
774 3302 907 3368 diversis
929 3305 1074 3387 partibus
1098 3305 1212 3369 ambae

223 3411 256 3474 et
278 3409 389 3492 gracili
412 3408 556 3490 geminas
579 3407 751 3472 intendunt
774 3411 911 3475 stamine
933 3412 1025 3475 telas.

149 3522 186 3577 55
222 3514 299 3579 Tela
321 3516 395 3596 ingo
418 3514 528 3579 iuncta
550 3517 609 3592 est,
632 3515 758 3579 stamen
782 3517 918 3581 secernit
939 3516 1094 3594 harundo,

223 3620 375 3685 inseritur
398 3618 540 3684 medium
562 3619 660 3684 radiis
684 3622 852 3687 subtemen
875 3622 989 3700 acutis,

226 3725 311 3807 qnod
335 3726 426 3807 digiti
450 3725 630 3808 expediunt,
654 3729 750 3808 atque
773 3728 857 3792 inter
881 3729 1020 3792 stamina
1044 3729 1178 3793 ductum

224 3850 374 3915 percusso
397 3830 531 3914 paviunt
552 3830 665 3896 insecti
687 3833 812 3915 pectine
837 3833 958 3898 dentes.

224 3936 372 4020 Utraque
396 3936 551 4001 festinant
574 3937 758 4019 cinctaeque
782 3939 822 4002 ad
844 3940 974 4021 pectora
996 3941 1102 4004 restes

151 4051 189 4106 60
224 4043 373 4108 bracchia
396 4042 491 4107 docta
514 4045 652 4120 movent,
676 4043 781 4108 studio
805 4042 936 4108 fallente
959 4044 1109 4111 laborem.

222 4148 293 4214 Illic
316 4152 350 4214 et
372 4148 504 4231 Tyrium
529 4165 610 4228 quae
633 4167 778 4232 purpura
801 4149 901 4214 sensit
925 4153 1041 4215 aenum

222 4255 339 4319 texitur
363 4256 395 4319 et
419 4255 531 4318 tenues
554 4254 644 4336 parri
668 4254 858 4320 discriminis
882 4255 1023 4333 umbrae,
