2858 4710
446 272 503 326 Lib.
522 272 581 338 vn,
600 291 624 326 v.
645 273 793 326 142-212.

53 495 55 497 ,
91 432 170 496 Arte
193 449 265 495 mea
289 431 389 496 soceri
412 432 545 513 longum
567 433 798 514 temptabimus
822 451 945 508 aevum,

85 557 152 613 ,non
176 526 274 601 annis
290 556 443 602 renovare
467 539 550 602 tuis:
574 539 667 602 modo
691 539 764 602 diva
788 538 940 602 triformis

91 643 220 709 adiuret
243 646 276 709 et
298 662 450 726 praesens
473 644 659 725 ingentibus
684 645 806 710 adnuat
829 634 934 710 ausis?

179 751 256 814 Tres
280 751 414 815 aberant
436 753 555 827 noctes,
579 753 616 815 ut
641 769 759 815 cornua
782 752 851 815 tota
875 751 996 816 coirent

32 865 54 919 b
91 855 314 938 efficerentque
339 858 457 921 orbem.
502 856 680 938 Postquam
703 857 890 939 plenissima
913 856 1003 922 fulsit

91 964 123 1028 et
147 963 247 1026 solida
270 964 373 1027 terras
397 962 554 1046 spectavit
575 962 714 1045 imagine
737 963 824 1039 luna,

91 1069 256 1151 egreditur
277 1069 371 1133 tectis
395 1069 501 1133 vestes
525 1068 639 1133 induta
661 1069 827 1145 recinctus,

89 1175 179 1240 nuda
201 1175 324 1258 pedem,
345 1175 447 1239 nudos
471 1175 591 1239 umeris
614 1174 720 1238 infusa
744 1176 884 1257 capillos,

91 1281 220 1362 fertque
242 1299 340 1362 vagos
363 1280 485 1344 mediae
508 1299 565 1362 per
587 1281 681 1344 muta
704 1280 833 1345 silentia
854 1281 957 1345 noctis

32 1396 55 1452 b
93 1387 281 1452 incomitata
303 1385 431 1468 gradus.
475 1386 629 1450 Homines
653 1386 859 1468 volucresque
881 1386 1028 1469 ferasque

93 1494 231 1558 solverat
254 1494 319 1557 alta
343 1493 449 1574 quies:
472 1494 561 1557 nullo
586 1512 660 1557 curn
682 1513 846 1559 murmure
869 1512 989 1577 saepes,

91 1601 293 1682 inmotaeque
318 1600 414 1665 silent
436 1599 573 1676 frondes,
597 1600 670 1665 silet
693 1601 821 1665 umidus
846 1605 917 1675 aer3

91 1707 196 1772 sidera
219 1708 288 1771 sola
309 1708 439 1772 micant.
485 1708 536 1772 Ad
559 1726 641 1789 quae
665 1726 724 1772 sua
747 1708 894 1772 bracchia
916 1709 1051 1774 tendens

89 1816 141 1879 ter
165 1833 199 1879 se
223 1814 388 1891 convertit,
411 1817 461 1880 ter
485 1814 622 1897 sumptis
645 1813 777 1878 flumine
802 1815 920 1879 crinem

32 1931 52 1984 0
90 1921 244 1985 inrorarit
268 1922 359 2003 aquis
383 1921 546 2003 ternisque
570 1921 747 1985 ululatibus
772 1939 827 1984 ora

88 2028 183 2092 solvit
206 2030 246 2104 et,
269 2029 303 2091 in
326 2028 406 2091 dura
430 2028 588 2092 submisso
611 2028 730 2109 poplite
754 2028 849 2104 terra,

88 2122 187 2197 ‘Nox'
215 2133 261 2198 ait
280 2122 419 2198 ‘areanis
441 2134 604 2210 fidissima,
629 2152 773 2215 quaeque
797 2133 918 2197 diurnis

91 2258 188 2304 aurea
212 2260 286 2305 cum
308 2241 385 2304 luna
409 2240 578 2304 succeditis
602 2240 728 2322 ignibus
752 2242 849 2316 astra,

90 2346 190 2427 tuque
214 2347 332 2430 triceps
355 2347 487 2423 Hecate,
511 2365 593 2428 quae
616 2347 736 2429 coeptis
761 2347 886 2412 conscia
908 2347 1026 2412 nostris

32 2460 50 2516 5
90 2452 292 2534 adiutrixque
314 2454 403 2518 venis
427 2455 605 2534 cantusque
629 2453 770 2535 artisque
793 2472 970 2535 magorum,

91 2577 236 2640 quaeque
259 2577 380 2641 magos,
402 2560 520 2636 Tellus,
542 2559 735 2642 pollentibus
758 2560 891 2625 instruis
914 2561 1030 2637 herbis,

89 2683 250 2747 auraeque
274 2667 307 2730 et
329 2666 417 2730 renti
438 2667 627 2747 montesque
652 2683 825 2748 amnesque
848 2667 1000 2748 lacusque

89 2770 185 2853 dique
209 2790 319 2836 omnes
342 2790 518 2848 nemorum,
541 2771 637 2852 dique
661 2790 770 2836 omnes
792 2773 896 2837 noctis
920 2773 1050 2838 adeste!

91 2877 236 2958 Quorum
259 2897 325 2962 ope,
349 2897 423 2943 cum
445 2878 540 2955 volui,
562 2878 639 2960 ripis
663 2878 854 2942 mirantibus
879 2897 989 2943 amnes

32 2995 49 3048 o
86 2986 121 3049 in
143 2985 247 3050 fontes
270 2985 391 3050 rediere
415 3004 499 3062 suos,
523 3003 739 3066 concussaque
764 2985 850 3061 sisto,

87 3092 207 3155 stantia
231 3092 375 3157 concutio
399 3093 497 3155 cantu
519 3090 610 3167 freta,
633 3092 745 3155 nubila
767 3092 850 3173 pello

86 3198 260 3280 nubilaque
283 3198 407 3275 induco,
430 3199 543 3262 ventos
568 3197 722 3279 abigoque
744 3215 894 3279 vocoque,

86 3305 230 3388 vipereas
253 3324 366 3390 rumpo
391 3304 495 3368 verbis
518 3305 553 3369 et
575 3304 715 3368 carmine
739 3302 856 3381 fauces,

85 3412 221 3493 viraque
245 3429 323 3475 sara
344 3429 404 3475 sua
427 3411 641 3491 convulsaque
664 3411 775 3474 robora
798 3412 884 3475 terra

33 3527 50 3584 5
87 3521 121 3584 et
144 3518 240 3582 silvas
263 3536 384 3594 moveo,
406 3517 562 3598 iubeoque
585 3517 775 3581 tremescere
799 3519 924 3583 montes

89 3627 122 3691 et
145 3625 270 3706 mugire
294 3624 398 3688 solum
421 3642 596 3705 manesque
621 3623 704 3688 exire
729 3625 891 3706 sepulcris.

88 3733 131 3796 Te
156 3749 292 3813 quoque,
314 3730 416 3807 Luna,
438 3730 541 3806 traho,
566 3729 711 3811 quamvis
735 3731 908 3796 Temesaea
930 3732 1054 3796 labores

88 3856 163 3903 aera
185 3840 258 3902 tuos
281 3836 446 3910 minuant;
470 3854 583 3901 currus
608 3855 735 3918 quoque
759 3837 899 3902 carmine
922 3840 1032 3902 nostro

88 3946 188 4028 pallet
211 3944 271 4020 avi,
293 3944 394 4026 pallet
415 3928 533 4008 nostris
556 3945 681 4007 Aurora
703 3943 842 4007 venenis.

32 4058 57 4113 lo
89 4052 154 4116 Vos
178 4050 259 4115 mihi
281 4052 448 4114 taurorum
470 4049 618 4114 flammas
641 4050 818 4115 hebetastis
841 4053 874 4115 et
897 4068 978 4115 unco

88 4158 259 4241 impatiens
283 4156 386 4220 oneris
410 4158 527 4221 collum
550 4157 713 4239 pressistis
737 4158 853 4233 aratro,

88 4283 142 4329 ros
167 4262 398 4346 serpentigenis
421 4263 455 4326 in
478 4282 512 4328 se
534 4262 603 4327 fera
625 4264 710 4328 bella
733 4262 866 4328 dedistis
