2858 4710
540 1049 707 1136 LIBER
740 1047 993 1139 OCTAVUS.

1006 1259 1058 1321 43.
1082 1256 1186 1322 rasos
1208 1263 1238 1323 a
1260 1256 1378 1342 solua.

335 1418 407 1483 Iam
429 1417 567 1484 nitidum
588 1418 751 1500 retegente
775 1417 859 1482 diem
882 1417 1048 1500 noctisque
1070 1416 1202 1500 fugante

245 1527 389 1607 tempora
411 1523 555 1589 Luoifero
579 1523 663 1588 eadit
686 1542 790 1602 eurus,
814 1525 847 1588 et
869 1524 978 1588 umida
1001 1527 1138 1606 surgunt

245 1631 373 1696 nubila:
397 1629 475 1695 dant
495 1629 614 1714 placidi
637 1648 766 1695 oursum
788 1630 994 1697 redeuntibus
1018 1632 1116 1696 aust'

245 1736 390 1804 Aeacidis
414 1735 623 1821 Cephaloque,
648 1736 762 1818 quibus
785 1736 919 1802 feliciter
942 1737 1006 1802 aeti

191 1851 210 1906 5
246 1846 320 1909 ante
345 1844 562 1926 exspeotatum
584 1843 695 1926 portus
717 1844 848 1909 tenuere
870 1842 996 1926 petitos.

335 1949 463 2015 Interea
483 1950 589 2015 Minos
611 1949 761 2032 Lelegeia
781 1951 875 2015 litora
897 1951 1005 2015 vastat

246 2057 523 2141 praetemptatque
547 2056 597 2120 sui
619 2056 702 2121 vires
724 2056 877 2121 Mavortis
900 2056 934 2120 in
956 2057 1034 2122 urbe

244 2164 400 2242 Alcathoi,
423 2181 520 2246 quam
541 2162 640 2227 Nisus
662 2163 768 2241 habet,
792 2163 843 2228 oui
866 2163 1050 2246 splendidus
1073 2166 1158 2230 ostro

245 2270 328 2335 inter
350 2270 520 2349 honoratos
542 2268 709 2351 medioque
730 2269 764 2332 in
786 2268 903 2335 uertiee
927 2284 1021 2335 uanos

175 2384 210 2440 10
246 2376 341 2440 erinis
363 2375 557 2453 inhaerebat,
578 2375 687 2456 magni
708 2374 825 2440 fiducia
846 2377 944 2458 regni.

336 2481 433 2546 Sexta
454 2481 663 2563 resurgebant
686 2481 817 2546 orientis
840 2501 958 2548 oomua
979 2485 1083 2562 lunae,

247 2589 279 2653 et
300 2586 459 2672 pendebat
482 2587 586 2656 adhue
607 2588 683 2653 belli
704 2586 848 2652 fortuna:
872 2588 988 2672 diuque

245 2695 330 2760 inter
352 2696 525 2776 utrumque
548 2694 635 2759 volat
655 2693 763 2759 dubiis
783 2693 926 2761 Viatoria
948 2697 1068 2779 pennis.
1106 2693 1108 2698 ’

333 2801 435 2884 RegIa
456 2800 555 2866 turris
576 2802 648 2866 erat
669 2801 829 2867 vooalibus
853 2801 961 2866 addita
982 2803 1091 2882 muris,

109 2922 112 2929 ·
174 2915 209 2972 15
244 2909 277 2972 in
300 2909 415 2991 quibus
439 2909 585 2973 auratam
607 2907 711 2991 proles
733 2907 846 2974 Letoia
868 2907 970 2973 fertur

245 3014 428 3099 deposuisse
450 3016 570 3098 lyram:
595 3033 669 3080 saxo
691 3033 789 3080 sonus
813 3015 880 3080 eius
902 3016 1048 3084 inhaesit.

246 3120 346 3204 Saepe
369 3121 446 3186 illue
468 3121 562 3186 solita
584 3123 634 3186 est
657 3120 823 3186 aseendere
845 3121 911 3186 filia
933 3122 1004 3187 Nisi

246 3228 279 3292 et
300 3228 407 3309 petere
430 3226 541 3308 exiguo
563 3227 745 3291 reserantia
767 3246 843 3292 saxa
864 3228 983 3317 lapillo,
1113 3213 1115 3215 ¹
1178 3214 1181 3220 ⁵

245 3334 316 3397 tum
340 3351 497 3417 rumpas
520 3335 622 3410 esset;
645 3334 728 3398 bello
751 3349 876 3416 quoque
900 3353 994 3419 saepe
1018 3335 1139 3400 solebat

173 3446 210 3502 20
246 3442 389 3523 spectare
413 3458 450 3505 ex
472 3441 529 3505 illa
550 3440 643 3523 rigidi
666 3441 840 3506 certamina
861 3441 985 3506 Martis.

244 3545 377 3628 Iamque
399 3565 490 3615 mor-a
511 3548 586 3614 belli
608 3566 774 3631 prooerum
798 3566 923 3630 quoque
946 3548 1075 3613 nomina
1096 3549 1189 3613 norat

245 3671 397 3735 armaque
420 3671 582 3736 equosque
605 3655 798 3736 habitusque
821 3654 1048 3737 Cydoneasque
1071 3655 1246 3738 pharetras.

244 3758 385 3825 Noverat
407 3760 481 3824 ante
504 3760 583 3825 alios
604 3759 719 3827 faeiem
741 3761 830 3826 dueis
852 3760 1018 3844 Europaei,

243 3866 316 3950 plus
340 3867 445 3945 etiam,
470 3884 566 3948 quam
589 3886 682 3932 nosse
705 3869 757 3932 sat
778 3870 837 3933 est
881 3866 951 3932 Hae
973 3867 1075 3934 iudiee
1097 3868 1210 3947 Minos,

172 3979 208 4036 25
245 3991 302 4038 seu
325 3975 421 4056 eaput
444 3972 608 4038 abdiderat
630 3974 762 4039 cristata
784 3972 905 4039 oasside
927 3975 1049 4056 pennis,

243 4079 277 4143 in
300 4080 391 4161 galea
413 4078 570 4145 formosus
593 4081 679 4155 erat3
704 4098 760 4144 seu
784 4081 964 4162 sumpserat
987 4098 1058 4146 aere

243 4185 420 4268 fulgentem
443 4186 587 4270 elipeum,
611 4186 748 4269 elipeum
772 4185 947 4268 sumpsisse
968 4186 1109 4252 decebat.
