2858 4710
531 309 588 365 Lib.
607 310 653 379 VI,
673 329 695 367 v.
714 314 865 370 coa-679.

88 476 141 533 645
177 469 340 534 dilaniant.
385 469 466 535 Pars
488 470 565 535 inde
590 473 676 537 cavis
699 475 840 540 exsultat
863 476 960 555 55515,

176 595 250 660 pars
273 577 400 641 veribus
425 577 582 641 stridunt:
610 582 747 645 manant
766 582 943 664 penetralia
966 585 1049 650 tabo.

267 683 326 747 His
350 683 480 748 adhibet
502 684 637 749 coniunx
660 685 808 767 ignarum
831 688 931 753 Terea
952 691 1072 757 mensis

176 792 209 855 et
229 791 326 874 patrii
348 791 445 854 moris
469 809 596 856 sacrum
618 793 764 871 mentita,
787 794 871 876 quod
894 795 951 860 uni

175 897 225 962 fas
249 897 291 962 sit
315 896 401 961 adire
424 897 500 975 viro,
523 898 655 963 comites
678 898 880 983 famulosque
903 904 1047 969 removit,

87 1010 141 1066 656
175 1003 249 1087 Ipse
274 1003 387 1068 sedens
410 1003 488 1067 solio
510 1004 631 1068 Tereus
655 1005 800 1070 sublimis
823 1008 909 1072 avito

174 1110 316 1175 vescitur
337 1110 434 1191 inque
458 1127 551 1174 suam
574 1128 633 1174 sua
656 1111 777 1177 viscera
801 1114 943 1196 congerit
967 1116 1083 1183 alvum.

175 1218 341 1299 Tantaque
363 1235 425 1281 nox
448 1217 545 1281 animi
569 1220 628 1296 555,
648 1205 742 1301 ‘Ityn
763 1219 827 1284 huc
851 1210 1016 1287 accersite'
1041 1224 1128 1292 dixit.

175 1323 385 1414 Dissimulare
408 1324 520 1406 nequit
543 1325 684 1390 crudelia
707 1325 823 1407 gaudia
845 1326 980 1409 Progne,

175 1431 303 1512 iamque
327 1448 403 1494 suae
427 1431 557 1513 cupiens
581 1431 731 1496 exsistere
755 1432 868 1498 nuntia
891 1434 999 1513 cladis,

88 1544 140 1600 655
174 1525 274 1601 ‘intus
297 1537 405 1615 155555,
430 1555 526 1619 quem
548 1525 666 1620 poscis’
693 1538 747 1602 ait.
793 1539 1016 1624 Circumspicit
1037 1543 1091 1609 ille

15 1622 30 1641 ⁰
176 1646 273 1727 atque
295 1644 350 1708 ubi
374 1644 416 1708 sit
439 1644 573 1725 quaerit.
618 1642 792 1723 Quaerenti
814 1646 995 1730 iterumque
1018 1652 1152 1732 vocanti,

174 1751 257 1816 sicut
280 1752 349 1815 erat
373 1750 492 1833 sparsis
515 1748 623 1814 furiali
647 1750 742 1815 caede
765 1752 898 1834 capillis,

173 1857 321 1940 prosiluit
342 1856 495 1939 Ityosque
519 1857 616 1938 caput
637 1854 816 1921 Philomela
839 1861 1008 1924 cruentum
1109 1862 1112 1867 ’

173 1963 262 2027 misit
283 1962 317 2025 in
340 1980 396 2025 555
417 1961 536 2044 patris:
559 1979 619 2025 555
641 1963 783 2044 tempore
806 1963 922 2027 maluit
943 1966 1010 2030 ullo

84 2076 137 2132 665
172 2087 265 2152 posse
288 2069 376 2150 loqui
400 2069 433 2131 et
454 2067 571 2132 mentis
595 2068 710 2132 testari
733 2067 850 2149 gaudia
874 2068 976 2135 dictis.

173 2174 327 2240 Thracius
351 2173 473 2256 ingenti
494 2192 623 2238 mensas
647 2174 784 2238 clamore
807 2176 934 2257 repellit

172 2283 378 2366 vipereasque
402 2281 465 2346 ciet
489 2280 601 2364 Stygia
624 2281 663 2345 de
686 2282 769 2345 valle
796 2300 936 2357 sorores;

172 2392 205 2454 55
227 2389 330 2466 modo,
354 2389 382 2452 si
403 2389 520 2471 posset,
542 2389 684 2452 reserato
706 2389 834 2471 pectore
857 2387 944 2453 diras

172 2513 299 2578 egerere
321 2494 394 2558 inde
418 2494 515 2577 dapes
540 2511 727 2575 emersaque
750 2494 872 2558 5155555
895 2494 1002 2576 gestit,

82 2609 134 2666 665
170 2601 227 2666 1155
248 2601 342 2666 modo
365 2618 463 2683 seque
486 2602 579 2665 vocat
600 2599 735 2664 bustum
756 2600 937 2665 miserabile
959 2602 1037 2680 nati,

169 2726 255 2772 nunc
279 2708 425 2789 sequitur
446 2706 532 2770 nudo
555 2706 681 2789 genitas
703 2705 865 2771 Pandione
888 2706 980 2772 terro.

171 2814 309 2897 Corpora
332 2811 540 2896 Cecropidum
564 2813 678 2895 pennis
700 2812 836 2895 pendere
859 2815 1009 2895 putares:

170 2920 353 3003 pendebant
374 2918 497 3002 pennis,
542 2915 688 2996 Quarum
711 2918 794 3000 petit
817 2918 918 2982 altera
941 2919 1048 2997 511555,

170 3026 272 3090 515555
295 3027 381 3090 55555
404 3024 506 3099 55515;
529 3042 633 3105 neque
657 3023 762 3088 adhuc
785 3023 823 3087 de
846 3024 973 3106 pectore
997 3024 1103 3090 caedis

81 3141 134 3197 676
171 3151 331 3198 excessere
353 3133 457 3209 notae,
481 3131 669 3213 signataque
694 3130 848 3211 sanguine
870 3130 981 3213 pluma
1004 3133 1061 3196 est.

168 3239 228 3304 Hle
251 3239 357 3303 dolore
381 3256 438 3302 suo
460 3255 643 3321 poenaeque
666 3237 813 3320 cupidine
836 3237 926 3301 velox

168 3346 304 3411 vertitur
325 3345 359 3409 in
382 3345 552 3422 volucrem,
575 3344 626 3410 551
649 3345 738 3408 55555
759 3343 793 3407 15
815 3343 933 3409 vertice
957 3343 1080 3424 cristae,

167 3452 325 3535 prominet
347 3450 541 3518 inmodicum
563 3469 620 3533 pro
642 3450 738 3532 longa
761 3450 889 3533 cuspide
912 3451 1068 3515 rostrum:

167 3576 283 3625 nomen
307 3576 402 3640 epops
424 3556 553 3634 volucri,
576 3555 673 3620 facies
697 3557 821 3619 armata
844 3555 931 3620 videt
971 3603 979 3619 .

772 3750 821 3813 35.
845 3747 980 3815 Boreas.
1015 3748 1106 3816 Zetes
1129 3755 1158 3817 ec
1183 3749 1304 3822 Calais.

78 3882 131 3939 675
255 3875 316 3940 Η15
339 3875 428 3940 (15155
450 3878 524 3941 5555
549 3875 634 3940 diem
655 3875 832 3956 longaeque
855 3875 997 3938 55555555
1020 3877 1165 3942 55555555

166 3984 309 4066 tempora
331 3981 499 4046 Tartareas
522 3980 685 4045 Pandiona
708 3979 797 4044 misit
820 3979 864 4043 ad
883 3981 1023 4045 umbras.

167 4087 299 4171 Sceptra
319 4088 381 4152 loci
404 4105 574 4170 rerumque
598 4087 684 4171 capit
705 4085 911 4151 moderamen
932 4086 1141 4166 Erechtheus,

164 4195 288 4259 iustitia
311 4194 444 4259 dubium
466 4194 619 4258 validisne
642 4191 801 4276 potentior
824 4191 929 4256 armis.

164 4299 324 4380 Quattuor
346 4300 400 4365 ille
424 4300 552 4382 quidem
575 4301 705 4366 iuvenes
727 4297 931 4382 totidemque
954 4300 1089 4364 crearat
1103 4395 1122 4425 ἡ

1078 4399 1102 4449 <a
