2858 4710
507 287 564 342 Lib.
582 288 653 356 VIII,
673 307 697 344 v.
716 290 866 346 rao-499.

168 448 279 530 coepta
303 448 415 528 quater
438 448 553 512 tenuit.
597 449 748 532 Pugnant
770 453 935 534 materque
959 471 1118 534 sororque,

168 556 202 619 et
224 553 346 619 diversa
369 554 502 619 trahunt
523 574 624 619 unum
647 555 708 620 duo
732 557 859 621 nomina
881 561 1000 641 pectus.

69 669 131 725 465
170 659 270 743 Saepe
293 663 383 725 metu
405 661 532 725 sceleris
554 662 717 745 pallebant
740 682 794 728 cra
817 664 926 741 futuri,

168 786 261 850 saepe
285 786 380 831 suum
402 767 526 832 fervens
550 769 648 833 oculis
672 769 768 834 dabat
789 771 839 857 ira·
859 771 1015 836 ruborem.

166 874 210 938 Et
231 874 326 939 modo
347 873 453 938 nescio
477 874 553 956 quid
576 874 688 939 similis
711 876 838 941 crudele
861 877 997 942 minanti

167 981 276 1045 vultus
300 982 377 1057 erat,
400 980 493 1044 modo
517 999 612 1063 quem
634 982 777 1047 misereri
800 983 925 1049 credere
948 1003 1065 1067 posses.
1170 986 1174 991 ’

169 1086 311 1168 Cumque
333 1085 419 1151 ferus
443 1087 590 1152 lacrimas
614 1089 711 1153 animi
734 1089 907 1155 siccaverat
930 1090 1030 1168 ardor,

68 1201 131 1256 470
168 1193 407 1259 inveniebantur
429 1193 579 1258 lacrimae
602 1197 718 1260 tamen.
763 1196 872 1278 thue
896 1197 1011 1273 carina,

133 1349 135 1352 Α
170 1318 266 1381 quam
288 1302 403 1364 ventus
425 1302 582 1383 ventoque
605 1302 688 1384 rapit
711 1302 886 1366 contrarius
910 1306 1029 1380 aestua,
1159 1372 1162 1379 ,

168 1407 233 1470 rim
256 1406 415 1488 geminam
438 1408 537 1471 sentit
556 1410 712 1490 ‘paretque
734 1409 856 1474 incerta
879 1409 1017 1474 duobus:

169 1513 313 1578 mesces
335 1514 423 1578 naue
445 1514 540 1579 anter
563 1515 666 1580 ouans
690 1498 866 1581 auronius
890 1518 975 1581 enat

170 1620 264 1702 inque
288 1620 371 1685 vices
393 1621 483 1704 ponit
504 1622 705 1704 positamque
728 1623 899 1688 resuscitat
920 1624 1009 1694 iram.

68 1733 132 1789 475
254 1727 370 1810 Incipit
393 1746 461 1795 esse
484 1728 594 1792 tamen
615 1729 725 1793 melior
749 1748 899 1810 germana
921 1731 1061 1813 parente,

169 1834 202 1898 11
224 1834 472 1916 consanguIneas
495 1836 533 1898 ut
555 1814 708 1916 sanguine
731 1835 830 1900 leniat
853 1837 991 1914 umbras,

168 1939 331 2023 impietate
353 1941 406 2024 pia
429 1943 487 2007 est.
531 1941 616 2006 Nam
637 1942 808 2024 postquam
830 1941 960 2025 pestifer
981 1942 1064 2024 ignis

170 2048 336 2125 convaluit,
356 2035 471 2130 ‘rogus
488 2034 556 2112 'iste
580 2049 699 2113 cremet
720 2066 793 2112 mea
816 2035 949 2113 viscera'
977 2049 1063 2114 dixit.
1184 2084 1188 2092 ·

170 2154 278 2236 thue
301 2174 399 2219 manu
423 2155 491 2219 dira
513 2139 637 2236 lignum
659 2153 756 2219 fatale
780 2155 918 2232 tenebat,
1046 2199 1049 2205 -

71 2269 135 2325 480
171 2262 243 2326 ante
267 2261 457 2344 sepulcrales
479 2261 587 2325 infelix
610 2260 735 2325 adstitit
758 2279 829 2325 aras

166 2354 369 2450 ‘poenarum'
396 2386 456 2449 que
476 2355 568 2432 ‘deae
591 2367 740 2450 triplices
762 2355 956 2444 furialibus',
977 2368 1090 2451 inquit,

59 2521 61 2524 Α
166 2461 384 2552 ‘Eumenides
408 2474 505 2538 sacris
528 2474 637 2540 vultus
661 2475 817 2540 advertite
840 2476 971 2540 vestros.

167 2580 309 2647 Ulciscor
331 2580 474 2663 facioque
495 2580 602 2646 nefas:
625 2600 711 2647 mors
733 2584 835 2647 morte
858 2582 975 2666 pianda
999 2585 1056 2661 est,

91 2749 97 2760 ,
150 2686 201 2751 'in
224 2689 326 2752 scelus
350 2687 530 2753 addendum
553 2689 656 2752 scelus
680 2690 737 2767 est,
760 2689 794 2753 in
816 2689 928 2754 funera
950 2689 1055 2755 funus.

72 2800 134 2856 485
168 2794 229 2858 Per
252 2796 448 2859 coacervatos
471 2797 582 2878 pereat
605 2794 717 2859 domus
740 2795 837 2878 impia
859 2797 981 2860 luctus!

167 2903 218 2965 An
239 2900 314 2966 felix
338 2900 462 2967 Oeneus
484 2903 560 2965 nato
582 2901 699 2965 victore
722 2899 855 2978 fruetur,

125 3008 127 3010 ’
168 3007 314 3072 Tbestius
338 3008 432 3072 orbus
456 3008 539 3072 erit?
572 3006 687 3072 Melius
709 3007 860 3089 lugebitis
884 3008 984 3072 ambo.

168 3113 234 3178 Vos
255 3114 358 3192 modo,
380 3113 512 3179 fraterni
533 3132 644 3179 manes
668 3114 853 3197 animaeque
876 3116 1026 3192 recentes,

169 3219 306 3285 officium
328 3222 444 3286 sentite
467 3239 576 3286 meum
598 3240 776 3302 magnoque
798 3222 927 3304 paratas

76 3335 134 3391 490
170 3328 299 3411 accipite
321 3327 460 3406 inferias,
482 3328 566 3392 uteri
588 3329 674 3392 mala
696 3328 827 3411 pignera
848 3329 963 3393 nostrii
988 3365 1047 3379 --

169 3433 207 3497 Ei
228 3434 323 3498 mibi!
360 3453 421 3517 quo
444 3434 571 3517 rapior?
604 3435 742 3512 Fratres,
764 3436 917 3517 ignoscite
940 3435 1051 3499 matri!

168 3539 328 3606 Deficiunt
350 3541 390 3606 ad
413 3542 523 3624 coepta
544 3560 668 3606 manus.
712 3541 868 3608 Meruisse
890 3541 1028 3607 fatemur

169 3647 268 3725 illum,
291 3667 347 3713 cur
368 3649 495 3730 pereat:
518 3647 629 3712 mortis
652 3648 731 3712 mihi
754 3648 899 3731 displicet
922 3649 1039 3712 auctor.
1062 3685 1107 3696 -

169 3753 252 3836 Ergo
274 3743 403 3837 impune
426 3753 515 3832 feret,
538 3753 692 3835 vivusque
716 3755 749 3818 11
772 3755 871 3818 victor
894 3755 927 3819 et
947 3754 1017 3837 ipso

78 3865 136 3922 495
171 3879 318 3926 successu
340 3860 483 3925 tumidus
506 3879 640 3943 regnum
664 3859 832 3943 Calydonis
855 3860 1001 3925 habebit:

169 3986 223 4031 vos
247 3967 325 4032 cinis
349 3968 480 4050 exiguus
504 3967 689 4050 gelidaeque
712 3966 853 4031 iacebitis
877 3966 1030 4031 umbrae?

170 4072 265 4138 Haud
288 4073 435 4156 equidem
457 4075 569 4158 patiar.
613 4074 730 4138 Pereat
753 4074 926 4138 sceleratus
950 4075 983 4138 11
1005 4073 1058 4138 ille

170 4197 321 4263 spemque
343 4180 444 4264 patris
467 4180 619 4263 regnique
642 4180 751 4245 trahat
773 4180 956 4262 patriaeque
979 4180 1114 4246 ruinam.

170 4285 260 4352 Mens
284 4287 339 4351 ubi
360 4288 506 4351 materna
530 4290 603 4351 est?
638 4287 702 4353 Ubi
725 4288 801 4351 sunt
823 4287 875 4369 pia
897 4287 968 4351 iura
989 4289 1160 4370 parentum
