2858 4710
214 277 277 334 142
725 267 831 320 Medeae
849 267 918 336 fuga.

391 428 535 493 Aeoliam
557 428 693 493 Pitanen
717 428 849 492 alaeve
872 430 962 510 parte
984 427 1139 508 relinquit

303 533 451 616 factaque
477 535 515 599 de
541 552 614 598 saxo
638 534 725 615 longi
747 534 918 598 simulacra
941 534 1094 609 draconis,

306 640 503 722 Idaeumque
526 659 649 717 nemus,
674 659 735 721 quo
757 641 827 703 nati
849 639 945 715 furta,
968 641 1138 704 iuvencum

215 755 268 809 300
305 746 443 811 00011111
464 746 560 812 Liber
582 746 655 810 falsi
679 747 738 810 sub
761 746 899 827 imagine
923 747 1016 822 cervi,

305 871 431 934 quaque
454 855 546 935 pater
569 852 701 934 Corythi
724 870 823 935 parva
846 853 1027 918 tumulatus
1050 852 1179 928 harena,

307 963 340 1023 01
364 977 443 1040 quos
466 959 577 1022 Macra
598 977 679 1022 novo
702 958 823 1022 latratu
845 958 962 1022 torruit
984 976 1086 1040 agros,

306 1064 525 1147 Eurypylique
548 1065 669 1140 urbem,
694 1083 757 1146 qua
781 1063 863 1129 Coae
887 1082 1005 1128 cornua
1027 1067 1147 1129 matres

307 1173 475 1253 gesserunt
499 1172 571 1234 tum
595 1189 668 1235 cum
692 1170 868 1234 diseederet
889 1169 1038 1234 Herculis
1062 1189 1187 1251 agmen,
1266 1256 1268 1259 Ι

217 1285 270 1340 365
306 1277 550 1359 Phoebeamque
573 1277 706 1341 Rhodon
730 1281 763 1341 et
784 1276 919 1359 Ialysios
944 1275 1120 1352 Telchinas,

310 1403 445 1463 quorum
469 1384 575 1448 oculos
599 1385 667 1467 ipso
690 1384 842 1448 vitiantes
867 1384 972 1447 omnia
995 1384 1066 1448 visu

308 1488 454 1572 Iuppiter
478 1508 591 1553 enosus
614 1488 763 1554 fraternis
788 1489 930 1563 subdidit
953 1489 1056 1553 undis.

401 1596 529 1659 Transit
552 1597 585 1660 01
608 1597 759 1677 antiquae
783 1596 935 1661 Cartheia
957 1595 1197 1672 maenianae,

311 1719 374 1782 qua
397 1703 488 1784 pater
510 1701 692 1766 Alcidamas
716 1701 877 1785 placidam
900 1702 939 1766 de
963 1720 1090 1785 corpore
1113 1704 1209 1766 natae

220 1816 274 1870 310
309 1809 485 1872 miraturus
507 1811 578 1872 erat
600 1808 689 1872 nasei
711 1809 854 1891 potuisse
877 1808 1066 1872 columbam.

399 1915 477 1980 Inde
501 1915 591 1980 lacus
613 1914 730 1998 Hyries
754 1902 840 1979 videt
864 1917 896 1979 et
920 1913 1059 1996 Cycneia
1082 1916 1199 1997 tempe,

312 2040 393 2102 quac
417 2022 542 2086 subitus
566 2022 737 2087 celebravit
760 2022 836 2085 olor.
881 2020 966 2084 Nam
987 2020 1136 2104 Phyllius
1160 2021 1226 2086 illic

312 2128 442 2210 imperio
465 2129 556 2211 pueri
571 2128 786 2209 volucresque
810 2126 977 2208 ferumque
1000 2127 1125 2192 leonem

311 2234 487 2298 tradiderat
510 2234 661 2308 domitos;
685 2237 815 2298 taurum
839 2252 964 2315 quoque
988 2235 1112 2299 vincere
1129 2234 1244 2299 iussas

223 2346 275 2401 375
313 2340 441 2416 vicerat,
465 2342 497 2403 et
521 2342 627 2422 spreto
650 2340 766 2404 totiens
790 2339 892 2404 iratus
916 2358 1022 2404 amore

313 2446 455 2528 praemia
477 2447 621 2527 possenti
643 2448 775 2510 taurum
798 2465 948 2529 supreme
970 2448 1116 2529 negabat.

209 2588 213 2596 ·
311 2551 371 2616 1110
394 2551 578 2632 indignatus
599 2540 721 2636 ‘cupies
745 2540 835 2617 dare'
862 2553 940 2617 dixit
964 2556 996 2618 01
1020 2555 1084 2618 0110

319 2658 448 2722 desiluit
471 2676 555 2722 sano.
601 2657 716 2723 Cuncti
739 2658 888 2724 cecidisse
911 2660 1085 2742 putabant:

313 2764 417 2828 factus
441 2764 509 2828 olor
531 2764 630 2830 niveis
652 2765 812 2848 pendebat
833 2765 867 2829 in
891 2769 963 2829 01110
986 2765 1106 2847 pennis.

224 2877 278 2931 080
313 2872 357 2933 At
380 2871 523 2951 genetrix
544 2871 653 2954 Hyrie,
675 2872 795 2936 servari
818 2872 933 2949 101011,
955 2871 1059 2936 flendo

315 2975 439 3041 dilicuit
462 2978 676 3060 stagnumque
700 2997 757 3042 110
779 2978 820 3043 de
843 2979 970 3042 nomine
993 2976 1077 3042 fecit.

319 3082 455 3148 Adiacet
477 3083 527 3147 his
550 3083 697 3161 Pleuron,
719 3085 753 3148 in
777 3103 841 3166 qua
857 3085 1096 3168 trepidantibus
1120 3084 1178 3148 alis

316 3188 434 3272 Ophias
459 3188 571 3271 effugit
593 3193 743 3254 natorum
765 3192 898 3256 vulnera
922 3190 1048 3255 Combe.

209 3366 211 3369 ,
405 3296 484 3360 Inde
510 3295 683 3361 Calaureae
706 3297 855 3362 Letoidos
880 3297 1014 3380 adspicit
1034 3315 1122 3373 arva,

226 3407 278 3463 385
314 3402 348 3465 in
371 3403 533 3467 volucrem
555 3403 640 3467 versi
663 3422 736 3467 oum
759 3404 892 3486 coniuge
916 3404 1040 3468 0011011
1063 3403 1156 3484 regis.

315 3509 456 3573 Dextera
478 3507 608 3591 Cyllene
632 3511 689 3586 est,
712 3509 746 3573 in
770 3528 833 3592 qua
856 3529 930 3574 oum
952 3511 1056 3573 matre
1079 3509 1276 3592 Menephron

316 3615 542 3681 concubiturus
566 3618 636 3679 erat
658 3634 826 3680 saevarum
848 3634 935 3680 more
958 3614 1108 3679 serarum.

317 3719 475 3804 Cephison
496 3723 607 3804 procul
628 3723 703 3787 hinc
725 3722 897 3787 deflentem
919 3722 986 3786 fata
1008 3722 1132 3805 nepotis

316 3826 454 3909 respicit,
476 3827 511 3890 in
533 3828 691 3892 tumidam
713 3830 837 3911 phocen
860 3830 899 3893 ab
921 3827 1067 3910 Apolline
1091 3829 1183 3904 versi,

227 3939 280 3994 300
316 3933 505 4015 Eumelique
530 3933 659 3998 domum
681 3935 821 4016 lugentis
843 3936 877 3998 in
900 3938 972 3998 1010
995 3936 1118 3998 natum.

406 4040 547 4104 Tandem
569 4041 703 4123 vipereis
726 4041 876 4124 Ephyren
898 4040 1047 4104 Pirenida
1069 4039 1182 4123 pennis

318 4147 460 4228 contigit.
506 4147 567 4212 Hic
590 4165 666 4211 aevo
689 4150 812 4211 veteres
835 4146 984 4212 mortalia
1006 4147 1109 4228 primo

318 4271 447 4336 corpora
470 4254 644 4336 vulgarunt
665 4253 857 4336 pluvialibus
882 4253 968 4319 edita
990 4250 1106 4334 iungis.
