<?xml version="1.0" encoding="UTF-8"?>
<!DOCTYPE html PUBLIC "-//W3C//DTD XHTML 1.0 Transitional//EN"
    "http://www.w3.org/TR/xhtml1/DTD/xhtml1-transitional.dtd">
<html xmlns="http://www.w3.org/1999/xhtml" xml:lang="en" lang="en">
 <head>
  <title>
</title>
<meta http-equiv="Content-Type" content="text/html;charset=utf-8" />
  <meta name='ocr-system' content='tesseract 3.04.00' />
  <meta name='ocr-capabilities' content='ocr_page ocr_carea ocr_par ocr_line ocrx_word'/>
</head>
<body>
  <div class='ocr_page' id='page_1' title='image "./diemetamorphose02magngoog_0007.png"; bbox 0 0 2858 4710; ppageno 0'>
   <div class='ocr_carea' id='block_1_1' title="bbox 448 1277 866 1369">
    <p class='ocr_par' dir='ltr' id='par_1_1' title="bbox 448 1277 866 1369">
     <span class='ocr_line' id='line_1_1' title="bbox 448 1277 866 1369; baseline 0.022 -9"><span class='ocrx_word' id='word_1_1' title='bbox 448 1277 616 1363; x_wconf 76' lang='lat' dir='ltr'>LIBER</span> <span class='ocrx_word' id='word_1_2' title='bbox 649 1278 866 1369; x_wconf 76' lang='lat' dir='ltr'>SEXTUS.</span> 
     </span>
    </p>
   </div>
   <div class='ocr_carea' id='block_1_2' title="bbox 848 1542 1272 1619">
    <p class='ocr_par' dir='ltr' id='par_1_2' title="bbox 848 1542 1272 1619">
     <span class='ocr_line' id='line_1_2' title="bbox 848 1542 1272 1619; baseline 0.031 -13"><span class='ocrx_word' id='word_1_3' title='bbox 848 1545 899 1607; x_wconf 87' lang='lat'>30.</span> <span class='ocrx_word' id='word_1_4' title='bbox 923 1542 1038 1610; x_wconf 83' lang='lat' dir='ltr'>Pallas</span> <span class='ocrx_word' id='word_1_5' title='bbox 1061 1553 1090 1612; x_wconf 78' lang='lat' dir='ltr'>et</span> <span class='ocrx_word' id='word_1_6' title='bbox 1112 1549 1272 1619; x_wconf 75' lang='lat' dir='ltr'>Arachne.</span> 
     </span>
    </p>
   </div>
   <div class='ocr_carea' id='block_1_3' title="bbox 0 1676 1102 4204">
    <p class='ocr_par' dir='ltr' id='par_1_3' title="bbox 225 1676 957 1760">
     <span class='ocr_line' id='line_1_3' title="bbox 225 1676 957 1760; baseline 0.014 -20"><span class='ocrx_word' id='word_1_7' title='bbox 225 1676 421 1742; x_wconf 79' lang='lat' dir='ltr'>Praebuerat</span> <span class='ocrx_word' id='word_1_8' title='bbox 444 1678 535 1742; x_wconf 90' lang='lat' dir='ltr'>dictis</span> <span class='ocrx_word' id='word_1_9' title='bbox 559 1679 700 1760; x_wconf 77' lang='lat' dir='ltr'>Tritonia</span> <span class='ocrx_word' id='word_1_10' title='bbox 723 1682 840 1748; x_wconf 90' lang='lat' dir='ltr'>talibus</span> <span class='ocrx_word' id='word_1_11' title='bbox 865 1703 957 1750; x_wconf 90' lang='lat' dir='ltr'>aures</span> 
     </span>
    </p>

    <p class='ocr_par' dir='ltr' id='par_1_4' title="bbox 0 1780 1051 1872">
     <span class='ocr_line' id='line_1_4' title="bbox 0 1780 1051 1872; baseline 0.01 -26"><span class='ocrx_word' id='word_1_12' title='bbox 0 1780 6 1844; x_wconf 67' lang='lat' dir='ltr'>i</span> <span class='ocrx_word' id='word_1_13' title='bbox 134 1785 340 1866; x_wconf 87' lang='lat' dir='ltr'>carminaque</span> <span class='ocrx_word' id='word_1_14' title='bbox 363 1785 522 1850; x_wconf 85' lang='lat' dir='ltr'>Aonidum</span> <span class='ocrx_word' id='word_1_15' title='bbox 544 1786 728 1868; x_wconf 89' lang='lat' dir='ltr'>iustamque</span> <span class='ocrx_word' id='word_1_16' title='bbox 750 1791 939 1872; x_wconf 84' lang='lat' dir='ltr'>probaverat</span> <span class='ocrx_word' id='word_1_17' title='bbox 962 1793 1051 1858; x_wconf 88' lang='lat' dir='ltr'>iram.</span> 
     </span>
    </p>

    <p class='ocr_par' dir='ltr' id='par_1_5' title="bbox 0 1879 1095 1983">
     <span class='ocr_line' id='line_1_5' title="bbox 0 1879 1095 1983; baseline 0.009 -29"><span class='ocrx_word' id='word_1_18' title='bbox 0 1900 6 1977; x_wconf 55' lang='grc' dir='ltr'><strong><em>ξ</em></strong></span> <span class='ocrx_word' id='word_1_19' title='bbox 134 1891 216 1955; x_wconf 81' lang='lat' dir='ltr'>lum</span> <span class='ocrx_word' id='word_1_20' title='bbox 239 1909 347 1956; x_wconf 90' lang='lat' dir='ltr'>secum</span> <span class='ocrx_word' id='word_1_21' title='bbox 367 1879 511 1955; x_wconf 83' lang='lat' dir='ltr'>‘laudare</span> <span class='ocrx_word' id='word_1_22' title='bbox 534 1910 649 1974; x_wconf 89' lang='lat' dir='ltr'>parum</span> <span class='ocrx_word' id='word_1_23' title='bbox 673 1895 736 1968; x_wconf 82' lang='lat' dir='ltr'>est3</span> <span class='ocrx_word' id='word_1_24' title='bbox 760 1896 928 1983; x_wconf 84' lang='lat' dir='ltr'>laudemur</span> <span class='ocrx_word' id='word_1_25' title='bbox 952 1900 984 1962; x_wconf 90' lang='lat' dir='ltr'>et</span> <span class='ocrx_word' id='word_1_26' title='bbox 1007 1899 1095 1982; x_wconf 85' lang='lat' dir='ltr'>ipsae</span> 
     </span>
    </p>

    <p class='ocr_par' dir='ltr' id='par_1_6' title="bbox 0 1982 1001 2086">
     <span class='ocr_line' id='line_1_6' title="bbox 0 1982 1001 2086; baseline 0.003 -22"><span class='ocrx_word' id='word_1_27' title='bbox 0 1982 1 2012; x_wconf 56' lang='lat'><em>³</em></span> <span class='ocrx_word' id='word_1_28' title='bbox 134 1999 266 2064; x_wconf 90' lang='lat' dir='ltr'>numina</span> <span class='ocrx_word' id='word_1_29' title='bbox 288 2015 347 2086; x_wconf 89' lang='lat' dir='ltr'>nec</span> <span class='ocrx_word' id='word_1_30' title='bbox 370 1997 476 2080; x_wconf 86' lang='lat' dir='ltr'>sperni</span> <span class='ocrx_word' id='word_1_31' title='bbox 499 1997 566 2061; x_wconf 92' lang='lat' dir='ltr'>sine</span> <span class='ocrx_word' id='word_1_32' title='bbox 589 2017 690 2081; x_wconf 92' lang='lat' dir='ltr'>poena</span> <span class='ocrx_word' id='word_1_33' title='bbox 713 2002 823 2064; x_wconf 90' lang='lat' dir='ltr'>nostra</span> <span class='ocrx_word' id='word_1_34' title='bbox 846 2000 1001 2067; x_wconf 90' lang='lat' dir='ltr'>sinamus&#39;</span> 
     </span>
    </p>

    <p class='ocr_par' dir='ltr' id='par_1_7' title="bbox 75 2103 981 2186">
     <span class='ocr_line' id='line_1_7' title="bbox 75 2103 981 2186; baseline 0.002 -15"><span class='ocrx_word' id='word_1_35' title='bbox 75 2118 98 2171; x_wconf 78' lang='lat' dir='ltr'>o</span> <span class='ocrx_word' id='word_1_36' title='bbox 121 2106 360 2186; x_wconf 65' lang='lat' dir='ltr'>‚Maeoniaeque</span> <span class='ocrx_word' id='word_1_37' title='bbox 385 2103 528 2168; x_wconf 92' lang='lat' dir='ltr'>animum</span> <span class='ocrx_word' id='word_1_38' title='bbox 550 2103 625 2168; x_wconf 87' lang='lat' dir='ltr'>fatis</span> <span class='ocrx_word' id='word_1_39' title='bbox 649 2105 787 2170; x_wconf 87' lang='lat' dir='ltr'>intendit</span> <span class='ocrx_word' id='word_1_40' title='bbox 809 2108 981 2186; x_wconf 82' lang='lat' dir='ltr'>Arachnes,</span> 
     </span>
    </p>

    <p class='ocr_par' dir='ltr' id='par_1_8' title="bbox 0 2210 1102 2617">
     <span class='ocr_line' id='line_1_8' title="bbox 0 2210 976 2295; baseline 0.004 -20"><span class='ocrx_word' id='word_1_41' title='bbox 0 2258 7 2275; x_wconf 90' lang='lat'><strong>.</strong></span> <span class='ocrx_word' id='word_1_42' title='bbox 135 2231 233 2295; x_wconf 91' lang='lat' dir='ltr'>quam</span> <span class='ocrx_word' id='word_1_43' title='bbox 256 2211 316 2275; x_wconf 93' lang='lat' dir='ltr'>sibi</span> <span class='ocrx_word' id='word_1_44' title='bbox 338 2210 481 2275; x_wconf 91' lang='lat' dir='ltr'>lanificae</span> <span class='ocrx_word' id='word_1_45' title='bbox 505 2229 568 2274; x_wconf 89' lang='lat' dir='ltr'>non</span> <span class='ocrx_word' id='word_1_46' title='bbox 592 2211 702 2276; x_wconf 89' lang='lat' dir='ltr'>cedere</span> <span class='ocrx_word' id='word_1_47' title='bbox 726 2213 874 2279; x_wconf 89' lang='lat' dir='ltr'>laudibus</span> <span class='ocrx_word' id='word_1_48' title='bbox 899 2215 976 2279; x_wconf 88' lang='lat' dir='ltr'>artis</span> 
     </span>
     <span class='ocr_line' id='line_1_9' title="bbox 133 2317 968 2402; baseline 0.001 -18"><span class='ocrx_word' id='word_1_49' title='bbox 133 2319 286 2384; x_wconf 87' lang='lat' dir='ltr'>audierat.</span> <span class='ocrx_word' id='word_1_50' title='bbox 332 2317 405 2381; x_wconf 88' lang='lat' dir='ltr'>Non</span> <span class='ocrx_word' id='word_1_51' title='bbox 426 2317 482 2381; x_wconf 89' lang='lat' dir='ltr'>illa</span> <span class='ocrx_word' id='word_1_52' title='bbox 504 2318 571 2381; x_wconf 92' lang='lat' dir='ltr'>loco</span> <span class='ocrx_word' id='word_1_53' title='bbox 594 2336 698 2399; x_wconf 90' lang='lat' dir='ltr'>neque</span> <span class='ocrx_word' id='word_1_54' title='bbox 722 2319 840 2401; x_wconf 82' lang='lat' dir='ltr'>origine</span> <span class='ocrx_word' id='word_1_55' title='bbox 864 2321 968 2402; x_wconf 89' lang='lat' dir='ltr'>gentis</span> 
     </span>
     <span class='ocr_line' id='line_1_10' title="bbox 132 2412 1102 2509; baseline 0.003 -19"><span class='ocrx_word' id='word_1_56' title='bbox 132 2427 227 2502; x_wconf 89' lang='lat' dir='ltr'>clara,</span> <span class='ocrx_word' id='word_1_57' title='bbox 251 2424 307 2488; x_wconf 91' lang='lat' dir='ltr'>sed</span> <span class='ocrx_word' id='word_1_58' title='bbox 330 2424 398 2487; x_wconf 85' lang='lat' dir='ltr'>arte</span> <span class='ocrx_word' id='word_1_59' title='bbox 421 2422 491 2487; x_wconf 88' lang='lat' dir='ltr'>fuit.</span> <span class='ocrx_word' id='word_1_60' title='bbox 536 2423 632 2488; x_wconf 91' lang='lat' dir='ltr'>Pater</span> <span class='ocrx_word' id='word_1_61' title='bbox 655 2424 730 2488; x_wconf 90' lang='lat' dir='ltr'>huic</span> <span class='ocrx_word' id='word_1_62' title='bbox 753 2412 966 2509; x_wconf 84' lang='lat' dir='ltr'>Colophonius</span> <span class='ocrx_word' id='word_1_63' title='bbox 989 2428 1102 2493; x_wconf 87' lang='lat' dir='ltr'>Idmon</span> 
     </span>
     <span class='ocr_line' id='line_1_11' title="bbox 132 2529 868 2617; baseline 0 -21"><span class='ocrx_word' id='word_1_64' title='bbox 132 2532 288 2596; x_wconf 89' lang='lat' dir='ltr'>Phocaico</span> <span class='ocrx_word' id='word_1_65' title='bbox 311 2530 436 2595; x_wconf 89' lang='lat' dir='ltr'>bibulas</span> <span class='ocrx_word' id='word_1_66' title='bbox 459 2529 604 2611; x_wconf 88' lang='lat' dir='ltr'>tingebat</span> <span class='ocrx_word' id='word_1_67' title='bbox 625 2530 745 2595; x_wconf 87' lang='lat' dir='ltr'>murice</span> <span class='ocrx_word' id='word_1_68' title='bbox 768 2532 868 2617; x_wconf 88' lang='lat' dir='ltr'>lanas.</span> 
     </span>
    </p>

    <p class='ocr_par' dir='ltr' id='par_1_9' title="bbox 59 2634 1019 3036">
     <span class='ocr_line' id='line_1_12' title="bbox 59 2634 1002 2720; baseline 0.002 -19"><span class='ocrx_word' id='word_1_69' title='bbox 59 2647 96 2702; x_wconf 88' lang='lat'>10</span> <span class='ocrx_word' id='word_1_70' title='bbox 133 2636 300 2703; x_wconf 80' lang='lat' dir='ltr'>Occiderat</span> <span class='ocrx_word' id='word_1_71' title='bbox 322 2637 444 2709; x_wconf 90' lang='lat' dir='ltr'>mater;</span> <span class='ocrx_word' id='word_1_72' title='bbox 469 2634 525 2699; x_wconf 91' lang='lat' dir='ltr'>sed</span> <span class='ocrx_word' id='word_1_73' title='bbox 548 2636 580 2699; x_wconf 91' lang='lat' dir='ltr'>et</span> <span class='ocrx_word' id='word_1_74' title='bbox 603 2635 682 2699; x_wconf 91' lang='lat' dir='ltr'>haec</span> <span class='ocrx_word' id='word_1_75' title='bbox 706 2635 744 2700; x_wconf 92' lang='lat' dir='ltr'>de</span> <span class='ocrx_word' id='word_1_76' title='bbox 767 2638 858 2719; x_wconf 89' lang='lat' dir='ltr'>plebe</span> <span class='ocrx_word' id='word_1_77' title='bbox 882 2656 1002 2720; x_wconf 89' lang='lat' dir='ltr'>suoque</span> 
     </span>
     <span class='ocr_line' id='line_1_13' title="bbox 132 2740 1019 2826; baseline -0.001 -17"><span class='ocrx_word' id='word_1_78' title='bbox 132 2762 236 2825; x_wconf 90' lang='lat' dir='ltr'>aequa</span> <span class='ocrx_word' id='word_1_79' title='bbox 258 2742 325 2807; x_wconf 73' lang='lat' dir='ltr'>siro</span> <span class='ocrx_word' id='word_1_80' title='bbox 348 2740 463 2805; x_wconf 86' lang='lat' dir='ltr'>fuerat.</span> <span class='ocrx_word' id='word_1_81' title='bbox 508 2741 614 2822; x_wconf 87' lang='lat' dir='ltr'>Lydas</span> <span class='ocrx_word' id='word_1_82' title='bbox 637 2742 746 2805; x_wconf 91' lang='lat' dir='ltr'>tamen</span> <span class='ocrx_word' id='word_1_83' title='bbox 768 2742 824 2806; x_wconf 89' lang='lat' dir='ltr'>illa</span> <span class='ocrx_word' id='word_1_84' title='bbox 846 2761 902 2826; x_wconf 91' lang='lat' dir='ltr'>per</span> <span class='ocrx_word' id='word_1_85' title='bbox 925 2745 1019 2809; x_wconf 92' lang='lat' dir='ltr'>urbes</span> 
     </span>
     <span class='ocr_line' id='line_1_14' title="bbox 131 2838 986 2932; baseline -0.001 -17"><span class='ocrx_word' id='word_1_86' title='bbox 131 2849 313 2932; x_wconf 88' lang='lat' dir='ltr'>quaesierat</span> <span class='ocrx_word' id='word_1_87' title='bbox 337 2838 441 2910; x_wconf 89' lang='lat' dir='ltr'>studio</span> <span class='ocrx_word' id='word_1_88' title='bbox 464 2864 581 2910; x_wconf 91' lang='lat' dir='ltr'>nomen</span> <span class='ocrx_word' id='word_1_89' title='bbox 605 2847 818 2924; x_wconf 88' lang='lat' dir='ltr'>memorabile,</span> <span class='ocrx_word' id='word_1_90' title='bbox 842 2851 986 2930; x_wconf 91' lang='lat' dir='ltr'>quamvis</span> 
     </span>
     <span class='ocr_line' id='line_1_15' title="bbox 130 2950 948 3036; baseline -0.004 -16"><span class='ocrx_word' id='word_1_91' title='bbox 130 2959 202 3021; x_wconf 88' lang='lat' dir='ltr'>orta</span> <span class='ocrx_word' id='word_1_92' title='bbox 225 2954 317 3018; x_wconf 89' lang='lat' dir='ltr'>domo</span> <span class='ocrx_word' id='word_1_93' title='bbox 340 2969 438 3035; x_wconf 85' lang='lat' dir='ltr'>parva</span> <span class='ocrx_word' id='word_1_94' title='bbox 460 2951 566 3034; x_wconf 85' lang='lat' dir='ltr'>parvis</span> <span class='ocrx_word' id='word_1_95' title='bbox 589 2950 755 3014; x_wconf 82' lang='lat' dir='ltr'>habitabat</span> <span class='ocrx_word' id='word_1_96' title='bbox 776 2952 948 3036; x_wconf 84' lang='lat' dir='ltr'>Hypaepis.</span> 
     </span>
    </p>

    <p class='ocr_par' dir='ltr' id='par_1_10' title="bbox 130 3056 1053 3142">
     <span class='ocr_line' id='line_1_16' title="bbox 130 3056 1053 3142; baseline -0.009 -18"><span class='ocrx_word' id='word_1_97' title='bbox 130 3057 237 3125; x_wconf 88' lang='lat' dir='ltr'>Huius</span> <span class='ocrx_word' id='word_1_98' title='bbox 260 3060 297 3123; x_wconf 91' lang='lat' dir='ltr'>ut</span> <span class='ocrx_word' id='word_1_99' title='bbox 321 3057 519 3140; x_wconf 84' lang='lat' dir='ltr'>adspicerent</span> <span class='ocrx_word' id='word_1_100' title='bbox 542 3075 620 3139; x_wconf 90' lang='lat' dir='ltr'>opus</span> <span class='ocrx_word' id='word_1_101' title='bbox 645 3056 838 3135; x_wconf 86' lang='lat' dir='ltr'>admirabile,</span> <span class='ocrx_word' id='word_1_102' title='bbox 862 3077 955 3142; x_wconf 92' lang='lat' dir='ltr'>saepe</span> <span class='ocrx_word' id='word_1_103' title='bbox 1052 3112 1053 3116; x_wconf 73' lang='grc'>,</span> 
     </span>
    </p>

    <p class='ocr_par' dir='ltr' id='par_1_11' title="bbox 58 3163 915 3353">
     <span class='ocr_line' id='line_1_17' title="bbox 58 3163 828 3247; baseline -0.005 -15"><span class='ocrx_word' id='word_1_104' title='bbox 58 3176 94 3232; x_wconf 81' lang='lat'>15</span> <span class='ocrx_word' id='word_1_105' title='bbox 130 3168 298 3232; x_wconf 90' lang='lat' dir='ltr'>deseruere</span> <span class='ocrx_word' id='word_1_106' title='bbox 322 3164 372 3228; x_wconf 92' lang='lat' dir='ltr'>sui</span> <span class='ocrx_word' id='word_1_107' title='bbox 393 3163 554 3247; x_wconf 88' lang='lat' dir='ltr'>nymphae</span> <span class='ocrx_word' id='word_1_108' title='bbox 577 3163 684 3228; x_wconf 86' lang='lat' dir='ltr'>vineta</span> <span class='ocrx_word' id='word_1_109' title='bbox 707 3164 828 3242; x_wconf 83' lang='lat' dir='ltr'>Timoli,</span> 
     </span>
     <span class='ocr_line' id='line_1_18' title="bbox 130 3269 915 3353; baseline -0.006 -15"><span class='ocrx_word' id='word_1_110' title='bbox 130 3274 298 3338; x_wconf 90' lang='lat' dir='ltr'>deseruere</span> <span class='ocrx_word' id='word_1_111' title='bbox 322 3289 396 3335; x_wconf 91' lang='lat' dir='ltr'>suas</span> <span class='ocrx_word' id='word_1_112' title='bbox 419 3270 578 3353; x_wconf 86' lang='lat' dir='ltr'>nymphae</span> <span class='ocrx_word' id='word_1_113' title='bbox 602 3269 780 3334; x_wconf 87' lang='lat' dir='ltr'>Pactolides</span> <span class='ocrx_word' id='word_1_114' title='bbox 804 3271 915 3335; x_wconf 91' lang='lat' dir='ltr'>undas.</span> 
     </span>
    </p>

    <p class='ocr_par' dir='ltr' id='par_1_12' title="bbox 128 3376 1081 3673">
     <span class='ocr_line' id='line_1_19' title="bbox 129 3376 914 3460; baseline -0.004 -16"><span class='ocrx_word' id='word_1_115' title='bbox 129 3379 197 3444; x_wconf 86' lang='lat' dir='ltr'>Neo</span> <span class='ocrx_word' id='word_1_116' title='bbox 217 3378 320 3443; x_wconf 84' lang='lat' dir='ltr'>factas</span> <span class='ocrx_word' id='word_1_117' title='bbox 345 3378 448 3441; x_wconf 92' lang='lat' dir='ltr'>solum</span> <span class='ocrx_word' id='word_1_118' title='bbox 471 3378 577 3441; x_wconf 83' lang='lat' dir='ltr'>restes</span> <span class='ocrx_word' id='word_1_119' title='bbox 601 3379 744 3460; x_wconf 89' lang='lat' dir='ltr'>spectare</span> <span class='ocrx_word' id='word_1_120' title='bbox 768 3376 914 3452; x_wconf 78' lang='lat' dir='ltr'>iuvabat3</span> 
     </span>
     <span class='ocr_line' id='line_1_20' title="bbox 128 3482 1081 3566; baseline 0.001 -16"><span class='ocrx_word' id='word_1_121' title='bbox 128 3488 200 3550; x_wconf 89' lang='lat' dir='ltr'>tum</span> <span class='ocrx_word' id='word_1_122' title='bbox 225 3502 360 3566; x_wconf 90' lang='lat' dir='ltr'>quoque,</span> <span class='ocrx_word' id='word_1_123' title='bbox 383 3502 457 3547; x_wconf 91' lang='lat' dir='ltr'>cum</span> <span class='ocrx_word' id='word_1_124' title='bbox 478 3482 609 3547; x_wconf 89' lang='lat' dir='ltr'>fierent:</span> <span class='ocrx_word' id='word_1_125' title='bbox 633 3483 745 3546; x_wconf 90' lang='lat' dir='ltr'>tantus</span> <span class='ocrx_word' id='word_1_126' title='bbox 770 3483 862 3548; x_wconf 91' lang='lat' dir='ltr'>decor</span> <span class='ocrx_word' id='word_1_127' title='bbox 885 3483 988 3549; x_wconf 85' lang='lat' dir='ltr'>adfuit</span> <span class='ocrx_word' id='word_1_128' title='bbox 1011 3487 1081 3551; x_wconf 86' lang='lat' dir='ltr'>arti.</span> 
     </span>
     <span class='ocr_line' id='line_1_21' title="bbox 130 3589 1010 3673; baseline 0.001 -17"><span class='ocrx_word' id='word_1_129' title='bbox 130 3591 203 3657; x_wconf 82' lang='lat' dir='ltr'>Sive</span> <span class='ocrx_word' id='word_1_130' title='bbox 227 3590 340 3654; x_wconf 89' lang='lat' dir='ltr'>rudem</span> <span class='ocrx_word' id='word_1_131' title='bbox 362 3589 480 3673; x_wconf 90' lang='lat' dir='ltr'>primos</span> <span class='ocrx_word' id='word_1_132' title='bbox 503 3589 611 3652; x_wconf 90' lang='lat' dir='ltr'>lanam</span> <span class='ocrx_word' id='word_1_133' title='bbox 634 3589 832 3670; x_wconf 83' lang='lat' dir='ltr'>glomerabat</span> <span class='ocrx_word' id='word_1_134' title='bbox 854 3590 888 3652; x_wconf 93' lang='lat' dir='ltr'>in</span> <span class='ocrx_word' id='word_1_135' title='bbox 911 3592 1010 3669; x_wconf 88' lang='lat' dir='ltr'>orbes,</span> 
     </span>
    </p>

    <p class='ocr_par' dir='ltr' id='par_1_13' title="bbox 54 3695 948 4099">
     <span class='ocr_line' id='line_1_22' title="bbox 54 3695 948 3779; baseline 0.001 -19"><span class='ocrx_word' id='word_1_136' title='bbox 54 3707 92 3762; x_wconf 78' lang='lat'>20</span> <span class='ocrx_word' id='word_1_137' title='bbox 129 3716 186 3762; x_wconf 91' lang='lat' dir='ltr'>seu</span> <span class='ocrx_word' id='word_1_138' title='bbox 208 3696 317 3778; x_wconf 84' lang='lat' dir='ltr'>digitis</span> <span class='ocrx_word' id='word_1_139' title='bbox 340 3696 508 3777; x_wconf 88' lang='lat' dir='ltr'>subigebat</span> <span class='ocrx_word' id='word_1_140' title='bbox 531 3712 610 3778; x_wconf 90' lang='lat' dir='ltr'>opus</span> <span class='ocrx_word' id='word_1_141' title='bbox 634 3695 832 3777; x_wconf 89' lang='lat' dir='ltr'>repetitaque</span> <span class='ocrx_word' id='word_1_142' title='bbox 855 3696 948 3779; x_wconf 88' lang='lat' dir='ltr'>longo</span> 
     </span>
     <span class='ocr_line' id='line_1_23' title="bbox 127 3800 900 3881; baseline -0.003 -13"><span class='ocrx_word' id='word_1_143' title='bbox 127 3804 246 3868; x_wconf 85' lang='lat' dir='ltr'>vellera</span> <span class='ocrx_word' id='word_1_144' title='bbox 268 3802 413 3867; x_wconf 89' lang='lat' dir='ltr'>mollibat</span> <span class='ocrx_word' id='word_1_145' title='bbox 435 3800 567 3866; x_wconf 91' lang='lat' dir='ltr'>nebulas</span> <span class='ocrx_word' id='word_1_146' title='bbox 592 3801 762 3881; x_wconf 88' lang='lat' dir='ltr'>aequantia</span> <span class='ocrx_word' id='word_1_147' title='bbox 783 3804 900 3879; x_wconf 77' lang='lat' dir='ltr'>tractu,</span> 
     </span>
     <span class='ocr_line' id='line_1_24' title="bbox 128 3905 915 3989; baseline -0.004 -15"><span class='ocrx_word' id='word_1_148' title='bbox 128 3910 194 3975; x_wconf 86' lang='lat' dir='ltr'>sive</span> <span class='ocrx_word' id='word_1_149' title='bbox 217 3909 278 3973; x_wconf 91' lang='lat' dir='ltr'>levi</span> <span class='ocrx_word' id='word_1_150' title='bbox 301 3909 438 3972; x_wconf 90' lang='lat' dir='ltr'>teretem</span> <span class='ocrx_word' id='word_1_151' title='bbox 462 3907 610 3972; x_wconf 88' lang='lat' dir='ltr'>versabat</span> <span class='ocrx_word' id='word_1_152' title='bbox 633 3905 746 3989; x_wconf 90' lang='lat' dir='ltr'>pollice</span> <span class='ocrx_word' id='word_1_153' title='bbox 768 3905 886 3984; x_wconf 85' lang='lat' dir='ltr'>fusum,</span> <span class='ocrx_word' id='word_1_154' title='bbox 912 3910 915 3916; x_wconf 84' lang='lat'>&#39;</span> 
     </span>
     <span class='ocr_line' id='line_1_25' title="bbox 127 4008 921 4099; baseline -0.004 -19"><span class='ocrx_word' id='word_1_155' title='bbox 127 4035 185 4081; x_wconf 88' lang='lat' dir='ltr'>seu</span> <span class='ocrx_word' id='word_1_156' title='bbox 206 4015 357 4099; x_wconf 86' lang='lat' dir='ltr'>pingebat</span> <span class='ocrx_word' id='word_1_157' title='bbox 381 4008 448 4091; x_wconf 87' lang='lat' dir='ltr'>acu,</span> <span class='ocrx_word' id='word_1_158' title='bbox 472 4013 569 4078; x_wconf 85' lang='lat' dir='ltr'>scires</span> <span class='ocrx_word' id='word_1_159' title='bbox 593 4030 612 4076; x_wconf 89' lang='lat' dir='ltr'>a</span> <span class='ocrx_word' id='word_1_160' title='bbox 634 4011 764 4076; x_wconf 89' lang='lat' dir='ltr'>Pallade</span> <span class='ocrx_word' id='word_1_161' title='bbox 788 4013 921 4091; x_wconf 87' lang='lat' dir='ltr'>doctam.</span> 
     </span>
    </p>

    <p class='ocr_par' dir='ltr' id='par_1_14' title="bbox 126 4117 1070 4204">
     <span class='ocr_line' id='line_1_26' title="bbox 126 4117 1070 4204; baseline 0.002 -18"><span class='ocrx_word' id='word_1_162' title='bbox 126 4120 219 4201; x_wconf 81' lang='lat' dir='ltr'>Quod</span> <span class='ocrx_word' id='word_1_163' title='bbox 243 4124 351 4186; x_wconf 89' lang='lat' dir='ltr'>tamen</span> <span class='ocrx_word' id='word_1_164' title='bbox 374 4121 444 4203; x_wconf 90' lang='lat' dir='ltr'>ipsa</span> <span class='ocrx_word' id='word_1_165' title='bbox 466 4121 572 4202; x_wconf 90' lang='lat' dir='ltr'>negat,</span> <span class='ocrx_word' id='word_1_166' title='bbox 595 4120 749 4199; x_wconf 88' lang='lat' dir='ltr'>tantaque</span> <span class='ocrx_word' id='word_1_167' title='bbox 774 4117 892 4184; x_wconf 86' lang='lat' dir='ltr'>offensa</span> <span class='ocrx_word' id='word_1_168' title='bbox 916 4123 1070 4204; x_wconf 91' lang='lat' dir='ltr'>magistra</span> 
     </span>
    </p>
   </div>
   <div class='ocr_carea' id='block_1_4' title="bbox 51 4214 1092 4401">
    <p class='ocr_par' dir='ltr' id='par_1_15' title="bbox 51 4214 1092 4401">
     <span class='ocr_line' id='line_1_27' title="bbox 51 4214 1092 4305; baseline 0.004 -13"><span class='ocrx_word' id='word_1_169' title='bbox 51 4235 89 4291; x_wconf 77' lang='lat'>25</span> <span class='ocrx_word' id='word_1_170' title='bbox 123 4215 254 4292; x_wconf 86' lang='lat' dir='ltr'>‘certet&#39;</span> <span class='ocrx_word' id='word_1_171' title='bbox 281 4228 326 4291; x_wconf 92' lang='lat' dir='ltr'>ait</span> <span class='ocrx_word' id='word_1_172' title='bbox 346 4214 501 4291; x_wconf 79' lang='lat' dir='ltr'>‘mecumz</span> <span class='ocrx_word' id='word_1_173' title='bbox 524 4225 604 4289; x_wconf 92' lang='lat' dir='ltr'>nihil</span> <span class='ocrx_word' id='word_1_174' title='bbox 627 4227 685 4301; x_wconf 90' lang='lat' dir='ltr'>est,</span> <span class='ocrx_word' id='word_1_175' title='bbox 709 4225 792 4305; x_wconf 90' lang='lat' dir='ltr'>quod</span> <span class='ocrx_word' id='word_1_176' title='bbox 814 4225 900 4292; x_wconf 85' lang='lat' dir='ltr'>ricta</span> <span class='ocrx_word' id='word_1_177' title='bbox 922 4227 1092 4295; x_wconf 87' lang='lat' dir='ltr'>recusem&#39;.</span> 
     </span>
     <span class='ocr_line' id='line_1_28' title="bbox 89 4328 1046 4401; baseline -0.013 -12"><span class='ocrx_word' id='word_1_178' title='bbox 89 4331 188 4401; x_wconf 68' lang='lat' dir='ltr'>Orno,</span> <span class='ocrx_word' id='word_1_179' title='bbox 206 4328 339 4386; x_wconf 51' lang='lat' dir='ltr'>maturus(</span> <span class='ocrx_word' id='word_1_180' title='bbox 368 4331 419 4400; x_wconf 80' lang='lat' dir='ltr'>(P.)</span> <span class='ocrx_word' id='word_1_181' title='bbox 1029 4337 1046 4390; x_wconf 82' lang='lat'>8</span> 
     </span>
    </p>
   </div>
   <div class='ocr_carea' id='block_1_5' title="bbox 0 0 1434 4710">
    <p class='ocr_par' dir='ltr' id='par_1_16' title="bbox 0 0 1434 4710">
     <span class='ocr_line' id='line_1_29' title="bbox 0 0 1434 4710; baseline 0 0"><span class='ocrx_word' id='word_1_182' title='bbox 0 0 1434 4710; x_wconf 95' lang='lat' dir='ltr'> </span> 
     </span>
    </p>
   </div>
  </div>
 </body>
</html>
