2858 4710
132 257 197 317 128
589 247 691 316 Progne
709 249 737 300 00
754 247 905 302 Philomela.

222 407 398 490 testarique
418 407 505 485 deos,
528 426 585 490 per
607 408 672 472 vim
696 408 756 473 sibi
779 409 914 473 dedecus
937 409 1018 473 illud

221 516 359 591 illatum,
375 533 438 597 pro
460 533 535 579 voce
558 532 674 578 manus
697 514 767 578 fuit.
812 515 913 580 Ardet
937 517 969 579 00
992 516 1075 580 11661

132 632 185 688 610
220 641 285 687 606
309 622 394 704 capit
416 621 486 704 ipsa
510 639 602 685 suam
624 620 767 702 Progne;
791 610 966 703 fletumque
990 623 1106 687 sororis

223 728 393 811 corripiens
414 715 490 791 ‘non
515 729 564 790 060
587 726 727 790 lacrimis
750 716 822 791 hoc'
847 727 953 808 inquit
973 716 1157 811 ‘agendum

222 836 277 900 sed
300 835 392 911 ferro,
415 833 471 897 sed
495 833 522 896 61
545 832 621 914 quid
644 832 752 910 habes,
775 833 859 915 quod
882 835 1007 899 1160010
1029 834 1151 900 ferrum

221 943 330 1025 possit.
375 940 415 1004 In
438 957 530 1004 omne
552 938 643 1003 60166
667 957 724 1020 ego
746 957 808 1016 me,
832 958 993 1022 germana,
1015 943 1134 1024 paravi.

221 1051 289 1114 Aut
312 1066 379 1129 ego,
403 1065 476 1111 cum
499 1045 621 1110 facibus
645 1046 766 1126 regalia
788 1047 874 1123 tecta
897 1048 1052 1125 cremabo,

133 1163 185 1220 616
223 1153 376 1219 artificem
399 1152 512 1216 mediis
535 1152 698 1215 inmittam
721 1152 821 1216 Terea
843 1151 991 1229 11666616,

222 1263 280 1325 660
302 1261 455 1342 linguam,
478 1260 536 1323 aut
559 1258 665 1322 oculos
690 1259 723 1321 et
746 1276 828 1339 quae
851 1258 911 1322 tibi
933 1261 1077 1324 membra
1099 1261 1256 1343 pudorem

221 1367 433 1443 abstulerunt,
455 1365 537 1429 ferro
561 1364 693 1447 rapiam,
717 1366 775 1428 aut
796 1382 853 1447 per
875 1366 1009 1429 vulnera
1031 1366 1119 1430 mille

221 1476 344 1538 sontem
368 1472 508 1536 animam
532 1471 696 1553 expellam.
742 1471 898 1553 Magnum
922 1471 1143 1554 quodcumque
1167 1480 1307 1558 paravi:
1401 1458 1407 1469 ⁸

221 1580 297 1662 quid
320 1580 371 1656 610,
395 1578 498 1642 adhuc
521 1565 656 1641 dubito'.
701 1576 831 1659 Peragit
855 1577 933 1641 dum
956 1579 1035 1642 talia
1056 1579 1191 1663 Progne,

130 1695 184 1752 620
220 1686 260 1752 ad
283 1688 421 1750 matrem
444 1684 590 1749 veniebat
612 1683 691 1766 Itys.
737 1682 820 1762 Quid
842 1685 951 1767 possit,
976 1684 1015 1749 ab
1036 1686 1091 1750 illo

220 1793 383 1858 admonita
403 1793 472 1856 est:
500 1790 662 1872 oculisque
686 1793 780 1855 tuens
803 1790 968 1856 inmitibus
990 1779 1023 1856 ‘a
1047 1810 1144 1874 quam

220 1919 253 1964 06
278 1898 390 1964 similis
412 1885 511 1981 patri'
537 1897 624 1961 dixit.
669 1897 737 1962 Nee
759 1898 852 1980 plura
876 1898 983 1962 locuta

219 2008 311 2071 011600
334 2008 427 2088 parat
449 2004 572 2068 1601666
596 2003 757 2085 tacitaque
781 2006 948 2068 0116060660
969 2005 1026 2069 116.

217 2113 264 2178 110
287 2114 397 2176 066106
421 2111 554 2175 60006610
576 2112 672 2174 66066
695 2110 855 2191 matrique
880 2110 1018 2175 salutem

130 2227 183 2284 ent
220 2219 330 2284 attulit
353 2220 386 2283 00
407 2218 513 2300 parvis
538 2216 670 2280 adduxit
694 2217 774 2281 colla
797 2216 925 2280 lacertis
949 2199 952 2203 ’

217 2327 381 2405 mixtaque
403 2322 566 2387 blanditiis
589 2323 764 2405 puerilibus
788 2323 896 2386 oscula
918 2323 1029 2401 iunxit,

218 2434 305 2497 mota
330 2430 458 2512 quidem
481 2431 531 2493 060
554 2429 696 2510 genetrix
719 2428 917 2511 infractaque
941 2431 1086 2496 constit't
1108 2432 1158 2496 ira

217 2538 372 2619 invitique
396 2536 479 2601 oculi
501 2536 640 2600 lacrimis
662 2536 814 2600 maduere
838 2536 972 2600 coactis:

219 2644 275 2709 sed
298 2644 395 2707 simul
418 2660 455 2706 ex
477 2642 576 2706 nimia
598 2643 741 2706 mentem
763 2642 882 2724 pietate
906 2644 1013 2707 labare

129 2761 182 2817 660
219 2750 327 2828 606610,
351 2751 391 2814 ab
413 2749 473 2814 hoc
495 2749 613 2812 iterum
637 2750 687 2812 est
710 2748 748 2811 ad
773 2748 882 2812 vultus
905 2767 997 2813 10166
1021 2751 1136 2814 6010116

216 2859 313 2940 inque
337 2857 439 2921 vicem
463 2857 609 2938 spectans
634 2855 744 2919 ambos
765 2842 836 2919 ‘cur
859 2843 1021 2920 admovet'
1045 2856 1150 2938 inquit

215 2953 311 3028 ‘alter
333 2963 513 3041 blanditias,
536 2964 629 3045 rapta
653 2962 727 3026 61100
750 2962 852 3026 610016
873 2962 1006 3043 lingua?
1097 2966 1099 2970 '

218 3069 323 3149 Quam
345 3072 438 3134 vocat
459 3069 511 3133 hic
533 3070 679 3144 matrem,
703 3087 760 3132 cur
780 3087 845 3132 non
869 3069 961 3132 10060
983 3068 1038 3132 illa
1062 3071 1227 3133 sororem?

218 3176 278 3242 Oui
301 3166 354 3239 616
368 3177 478 3257 nupta,
500 3173 580 3251 vide,
603 3172 765 3238 Pandione
788 3175 874 3250 6606,
896 3174 1022 3238 marito.
1211 3258 1216 3265 .

127 3292 181 3348 635
216 3284 418 3364 Degeneres:
443 3280 546 3344 scelus
570 3282 620 3344 060
642 3279 744 3362 pietas
767 3280 801 3342 in
823 3279 955 3361 coniuge
978 3269 1095 3345 Tereo‘.

306 3387 373 3452 Nec
395 3405 494 3464 mera,
516 3386 614 3450 traxit
636 3386 721 3468 Ityn,
745 3387 845 3451 veluti
868 3385 1044 3468 Gangetica
1068 3404 1178 3451 cervae

216 3496 390 3560 lactentem
412 3492 515 3557 100661
537 3511 593 3575 per
617 3492 713 3556 silvas
737 3493 828 3574 tigris
852 3511 975 3575 opacas

217 3603 326 3684 thue
350 3600 463 3664 domus
488 3600 572 3663 altae
594 3601 720 3681 partem
743 3601 874 3663 tenuere
897 3601 1062 3676 remotam,

216 3708 464 3787 tendentemque
487 3723 602 3769 manus
627 3707 660 3769 00
681 3706 746 3769 1616
769 3723 828 3769 sua
850 3705 920 3769 1606
941 3704 1102 3769 videntem

126 3824 180 3879 640
217 3816 249 3878 00
268 3801 394 3890 ‘maten
417 3798 534 3876 mater'
561 3812 753 3876 clamantem
777 3814 810 3875 00
832 3810 913 3876 colla
935 3812 1097 3892 petentem

217 3938 290 3985 ense
313 3919 388 3983 10110
410 3918 543 3999 Progne,
566 3918 659 3981 lateri
684 3935 747 3999 qua
769 3919 881 3999 pectus
906 3915 1065 3994 adhaeret,

214 4045 274 4091 nec
296 4026 423 4089 vultum
445 4025 550 4089 vertit.
598 4023 684 4088 Satis
707 4024 754 4087 1111
778 4023 817 4087 ad
840 4022 981 4086 1606101
1004 4042 1104 4087 unum

216 4133 332 4198 vulnus
356 4133 441 4195 erat:
465 4131 612 4213 iugulum
635 4130 717 4194 ieme
741 4129 918 4193 Philomela
940 4129 1078 4193 resolvit.

215 4226 360 4321 Vivaque
385 4238 489 4302 adhuc
512 4237 699 4318 animaeque
724 4236 843 4318 aliquid
866 4234 1036 4300 retinentia
1057 4236 1201 4301 membra
