2858 4710
142 251 204 311 186
569 240 678 296 Nessus.
713 240 835 296 Herculis
852 256 929 297 mors.

140 409 194 466 120
228 402 301 487 Ipso
324 421 425 481 eruor,
448 401 552 486 geddo
575 420 634 467 oeu
657 402 817 485 quondam
839 401 992 467 lammina
1014 401 1151 467 oandeus

229 508 331 576 tinota
353 510 434 588 laon,
458 507 565 574 stridit
588 508 796 590 coquiturque
821 507 950 574 ardente
974 526 1103 574 veneno.

317 615 385 681 Neo
407 615 520 680 modus
544 616 609 680 est:
634 616 762 680 sorbent
784 614 894 680 aridae
917 614 1100 699 praecordia
1121 613 1282 691 flammae,

232 722 460 806 caeruleusque
483 721 554 787 fluit
577 722 644 786 toto
668 721 707 786 de
730 740 857 805 corpore
882 722 987 799 sudor,

230 828 434 911 ambustique
457 828 571 892 sonant
592 828 698 903 nervi;
723 845 878 910 saeuaque
901 827 1049 893 medullis

141 943 193 1000 175
229 935 303 1001 tabe
325 934 505 1017 liquefactis
528 935 643 1000 tollens
667 934 708 999 ad
730 933 834 1014 sidera
855 935 979 1018 palmas

227 1027 408 1119 ‘cladibus',
431 1041 588 1107 exclamat
608 1027 782 1120 ‘Saturnia
804 1060 933 1125 passere
956 1040 1082 1119 nostris,

229 1166 358 1232 pasoere
383 1149 416 1212 et
436 1148 520 1213 hano
542 1150 666 1231 pestem
689 1149 807 1231 sprota,
830 1146 976 1225 erudelis,
999 1147 1038 1212 ab
1062 1147 1126 1212 alto

232 1272 347 1337 oorque
371 1254 475 1319 ferum
498 1254 596 1322 satia!
620 1253 682 1319 Vel
705 1254 733 1319 si
754 1253 954 1319 miserandus
977 1255 1011 1319 et
1032 1253 1125 1331 hosti,

208 1361 289 1429 ,hoo
312 1362 370 1439 est,
393 1361 420 1426 si
442 1361 501 1426 tibi
524 1379 605 1439 sum,
628 1360 704 1425 diris
727 1360 919 1426 eruciatibus
943 1377 1072 1442 aegram

141 1473 195 1531 180
229 1466 428 1549 invisamque
452 1466 593 1532 animam
614 1467 788 1548 natamque
810 1466 970 1531 laboribus
994 1464 1091 1531 aufer.

229 1572 317 1638 Mors
338 1572 418 1638 mihi
438 1591 556 1637 munus
580 1572 657 1637 erit:
682 1571 774 1637 deest
795 1572 874 1637 haeo
897 1571 971 1636 dare
995 1572 1077 1637 dona
1098 1588 1278 1639 novercam.

229 1678 313 1761 Ergo
337 1697 394 1761 ego
417 1677 597 1744 foedantem
618 1678 782 1762 peregrino
804 1679 924 1762 templa
947 1697 1056 1744 eruore

231 1784 361 1851 Busirin
385 1783 493 1850 domui
515 1801 671 1867 saevoque
695 1785 846 1851 alimenta
868 1785 1010 1868 parentis

233 1892 357 1958 Antaeo
380 1891 503 1976 eripui?
526 1891 593 1958 Neo
615 1910 667 1957 me
690 1891 826 1976 pastoris
848 1891 959 1956 Hiberi

143 2005 195 2063 185
231 1998 333 2064 forma
355 1999 478 2083 triplex,
499 2017 558 2064 neo
581 1998 683 2064 forma
705 1999 820 2083 triplex
843 2001 909 2077 tua,
932 1996 1075 2076 Cerbero,
1097 1997 1219 2063 movit?

232 2104 348 2184 Vosne,
370 2124 495 2184 manus,
518 2104 615 2171 validi
636 2105 798 2189 pressistis
821 2122 939 2170 oomua
961 2104 1069 2169 tauri?

231 2210 386 2277 Vestrum
408 2227 488 2296 opus
509 2211 577 2277 Elis
598 2212 704 2289 habet,
727 2213 870 2277 vestrum
894 2210 1130 2295 Stymphalides
1153 2210 1259 2276 undae

233 2315 504 2400 Partheniumque
527 2319 664 2382 nemus?
686 2316 805 2382 Vestra
827 2317 946 2382 virtute
969 2318 1089 2382 relatus

234 2422 514 2488 Tbennodontiaoo
538 2422 680 2488 eaelatus
703 2422 828 2487 balteus
852 2440 928 2487 auro

144 2536 196 2592 190
232 2547 389 2612 pomaque
414 2529 452 2593 ab
475 2527 612 2592 insomni
633 2546 697 2593 non
720 2527 878 2593 custodita
900 2529 1058 2594 draoone?

231 2634 300 2699 Neo
321 2634 401 2699 mihi
424 2634 576 2700 Centauri
597 2636 728 2718 potuere
750 2634 907 2713 resistere,
928 2653 987 2700 neo
1010 2635 1055 2699 mi

233 2741 387 2806 Areediae
410 2742 553 2807 vastator
576 2744 673 2825 aper?
695 2741 763 2806 Neo
785 2740 904 2825 profuit
924 2741 1044 2824 hydrae

173 2900 177 2907 .
234 2865 373 2913 oresoere
395 2867 453 2932 per
476 2848 629 2914 damnum
651 2849 856 2941 geminasque
879 2866 1040 2914 resumere
1062 2847 1167 2913 vires?

234 2951 326 3034 Quid,
349 2974 423 3021 eum
445 2955 574 3021 Thraois
599 2974 696 3037 equos
718 2955 858 3020 humano
882 2955 1034 3037 sanguine
1057 2953 1190 3038 pingues

144 3067 197 3124 195
232 3063 389 3145 plenaque
413 3062 594 3146 eorporibus
616 3062 729 3128 laseris
751 3061 916 3146 praesepia
938 3061 1002 3126 vidi

235 3167 365 3250 visaque
389 3168 488 3234 deieoi
510 3168 736 3250 dominumque
758 3168 906 3251 ipsosque
928 3167 1071 3251 peremi?

233 3274 293 3339 His
317 3274 395 3338 elisa
416 3274 499 3339 iaeet
521 3274 620 3338 moles
643 3274 803 3338 Nemeaea
825 3274 961 3352 laoertis,

232 3381 294 3446 hoo
316 3381 441 3446 eaelum
464 3380 583 3445 oerriee
605 3380 674 3445 tuli.
718 3378 853 3445 Defessa
874 3379 1011 3445 iubendo
1035 3381 1085 3445 est

234 3506 329 3552 saeva
350 3487 435 3552 Iovis
459 3487 610 3552 eoniunx:
635 3505 692 3569 ego
716 3505 788 3551 sum
810 3485 987 3552 indefessus
1013 3486 1142 3570 agendo.

145 3603 198 3659 200
235 3593 299 3660 Sed
320 3612 402 3661 nora
423 3594 523 3678 pestis
546 3593 645 3672 adest,
669 3593 721 3660 oui
740 3613 800 3659 nso
821 3593 940 3659 virtute
962 3594 1069 3659 resisti

233 3720 292 3767 nee
314 3701 387 3766 telis
411 3701 571 3783 armisque
593 3702 708 3784 potest.
752 3699 960 3765 Pulmonibus
984 3701 1070 3765 errat

233 3809 316 3892 ignis
341 3808 420 3874 edax
441 3808 515 3876 imis
537 3826 656 3892 perque
680 3826 788 3872 omnes
811 3807 954 3891 pasoitur
977 3808 1075 3872 artus.

233 3917 278 3981 At
300 3917 385 3981 valet
406 3915 621 3999 Eurystheus!
646 3951 688 3961 —
712 3916 745 3979 et
768 3916 852 3993 sunt,
876 3913 931 3996 qui
954 3912 1080 3979 eredere
1102 3911 1226 3997 possint

235 4041 305 4089 esse
329 4009 441 4088 deosl'
466 4057 509 4068 —
531 4022 628 4100 Dixit,
651 4039 770 4105 perque
794 4021 894 4086 altam
918 4020 1043 4085 saueius
1068 4018 1169 4086 Oeten

146 4138 198 4196 205
233 4128 322 4194 haud
345 4129 437 4194 aliter
460 4128 612 4212 graditur,
636 4147 733 4210 quam
756 4128 783 4192 si
806 4128 962 4192 venabula
985 4130 1097 4193 taurus

236 4255 362 4323 torpore
385 4235 448 4300 fixa
470 4237 570 4318 gerat,
592 4234 731 4317 festique
755 4233 908 4317 refugerit
932 4235 1049 4300 auetor.
