2858 4710
140 281 203 338 124
596 273 698 343 Progne
715 279 744 329 et
761 276 912 332 Philomela.

225 432 370 516 Impetus
395 435 445 498 est
467 434 514 497 illi
538 435 692 498 comitum
715 439 916 519 corrumpere
940 456 1050 503 curam

225 540 422 621 nutricisque
445 539 550 617 fidem,
572 559 631 607 nce
653 559 717 604 nou
740 541 923 624 ingentibus
946 544 1050 627 ipsam

226 645 395 711 sollicitare
419 647 503 710 datis
526 648 694 728 totumque
717 647 898 730 impendere
921 668 1066 732 regnum,

225 756 283 817 aut
305 771 416 836 rapere
439 755 473 818 et
496 770 588 817 saevo
612 755 739 835 raptam
762 753 929 821 defendere
952 757 1036 823 bello
1058 795 1111 837 —‚

136 866 188 921 465
225 863 258 924 et
278 861 359 923 nihil
383 862 433 924 est
457 859 539 940 quod
561 878 625 923 uon
649 858 765 924 effreno
790 863 901 943 eaptus
926 881 1031 928 amore

225 967 319 1043 ausit,
341 984 402 1030 nee
426 965 556 1048 capiunt
578 965 719 1029 inclusas
741 968 871 1048 pectora
893 966 1050 1034 flammas.

224 1072 357 1154 Iamque
380 1090 487 1136 moras
509 1072 592 1135 mele
615 1070 679 1135 fert
701 1071 877 1154 cupidoque
900 1075 1072 1140 revertitur
1095 1095 1148 1142 ore

225 1179 265 1243 ad
286 1178 441 1243 mandata
463 1177 613 1259 Prognes,
637 1179 669 1241 et
692 1177 759 1259 agit
783 1196 842 1245 sua
864 1180 939 1247 vota
962 1180 1021 1244 sub
1038 1181 1109 1246 illa.

171 1295 178 1308 ·
223 1286 412 1350 Facundum
434 1284 571 1349 faciebat
594 1303 699 1348 amor:
725 1284 936 1367 quotiensque
959 1287 1094 1369 rogabat

134 1399 187 1455 470
223 1393 358 1456 41144144
381 1393 476 1467 iusto,
497 1390 645 1472 Prognen
667 1391 716 1454 ita
736 1391 817 1456 velle
840 1391 972 1457 ferebat.

221 1498 353 1562 Addidit
376 1499 409 1562 et
430 1498 587 1574 lacrimas,
610 1499 778 1578 tamquam
800 1498 985 1564 mandasset
1008 1501 1145 1565 4111144.

222 1604 285 1669 Ρ44
308 1605 425 1687 superi,
449 1605 607 1685 quantum
629 1603 778 1667 mortalia
800 1607 929 1686 pectora
952 1623 1063 1671 caecae

221 1711 324 1776 noetis
347 1711 482 1775 habent!
510 1710 578 1793 ipso
602 1709 729 1775 sceleris
752 1711 914 1775 molimine
937 1712 1056 1777 Tereus

223 1817 365 1883 ereditur
388 1836 457 1882 esse
480 1817 552 1899 pius
575 1816 767 1898 laudemque
791 1835 810 1880 a
834 1817 964 1882 crimine
987 1818 1095 1884 sumit,

133 1930 186 1985 475
223 1922 306 2003 Quid
333 1924 417 2006 quod
440 1923 525 1987 idem
547 1922 724 1987 Philomela
747 1923 836 2005 eupit
857 1923 1040 2006 patriosque
1064 1924 1193 1989 lacertis

221 2031 340 2095 blanda
361 2032 474 2095 teneus
497 2048 633 2106 umeros,
656 2032 694 2093 ut
717 2032 770 2093 eat
792 2029 900 2093 visura
923 2048 1071 2108 sororem,

220 2155 340 2220 perque
365 2155 458 2201 suam
481 2138 655 2218 contraque
679 2153 772 2199 suam
793 2135 875 2217 petit
897 2136 968 2218 ipsa
991 2136 1138 2201 salutem.

223 2242 357 2326 Spectat
380 2261 451 2307 eam
474 2242 591 2307 Tereus
615 2240 932 2323 praecontrectatque
955 2241 1098 2320 videndo,

221 2350 393 2430 osculaque
418 2351 451 2412 et
474 2349 553 2412 collo
577 2346 774 2412 circumdata
796 2347 945 2412 bracchia
967 2367 1098 2414 comens

130 2464 184 2519 484
221 2455 326 2519 omnia
349 2474 405 2538 pro
430 2455 567 2519 stimulis
590 2444 776 2535 facibusque
800 2453 932 2535 ciboque
955 2452 1070 2518 fureris

220 2561 352 2644 accipit3
376 2563 409 2625 et
432 2561 577 2643 quotiens
602 2559 806 2643 amplectitur
828 2559 884 2623 1114
906 2561 1082 2642 parentem,

220 2686 288 2732 esse
311 2686 426 2751 parcns
449 2667 563 2732 vellet:
586 2685 690 2749 neque
714 2666 798 2731 enim
820 2665 927 2730 minus
949 2666 1067 2749 impius
1091 2670 1186 2732 44441.

218 2773 367 2839 Vincitur
389 2775 557 2839 ambarum
579 2774 703 2856 genitor
724 2791 826 2856 prece.
872 2771 999 2836 Gaudet
1023 2773 1150 2855 agitque

217 2881 274 2946 1114
295 2882 380 2964 patri
403 2885 510 2964 grates
533 2883 566 2946 et
589 2880 779 2945 successisse
803 2879 928 2943 duabus

128 2995 181 3050 485
217 2988 250 3052 id
272 2991 367 3072 putat
388 2988 506 3066 infelix,
530 2988 614 3070 quod
638 2987 698 3052 erit
719 2985 855 3067 lugubre
879 2984 1013 3048 duabus.

305 3095 377 3159 Iam
399 3095 489 3160 labor
511 3095 644 3177 exiguus
666 3092 795 3157 Phoebo
816 3090 969 3168 restabat,
992 3091 1129 3173 equique

217 3201 390 3284 pulsabant
412 3201 545 3283 pedibus
569 3199 710 3283 spatium
733 3197 862 3262 declivis
887 3196 1032 3280 Olympi:

216 3307 340 3389 regales
364 3307 476 3389 epulae
498 3306 617 3370 mensis
641 3307 674 3369 et
696 3303 843 3369 Bacchus
865 3303 899 3366 in
922 3321 999 3367 auro

215 3414 361 3497 ponitur;
384 3413 459 3477 hinc
480 3413 604 3496 placido
628 3411 746 3476 dautur
769 3428 828 3474 sua
850 3427 983 3493 corpora
1005 3427 1124 3474 somno

127 3527 181 3583 490
216 3521 260 3584 At
282 3538 338 3584 rex
362 3518 526 3603 Odrysius,
549 3518 696 3601 quamvis
720 3517 860 3594 secessit,
882 3517 915 3579 in
938 3515 994 3579 illa

216 3628 354 3704 aestuat,
377 3628 419 3703 et,
440 3627 588 3709 repetens
611 3624 726 3688 faciem
748 3625 920 3703 motusque
943 3638 1131 3703 manusque,
1204 3702 1205 3705 Ἴ

216 3733 325 3815 qualia
347 3733 418 3797 vult
439 3732 532 3814 fingit
555 3729 800 3814 quaerendum
822 3728 911 3804 vidit
935 3729 968 3792 et
990 3727 1079 3808 ignes

214 3839 282 3922 ipse
306 3858 381 3904 suos
403 3839 516 3916 nutrit,
538 3856 616 3903 eura
637 3837 819 3902 removente
843 3852 996 3917 soporem.

213 3945 284 4010 Lux
307 3948 385 4024 erat,
409 3947 442 4011 et
465 3945 575 4027 generi
597 3944 743 4008 dextram
765 3940 948 4023 complexus
971 3937 1077 4003 euntis

125 4062 178 4116 495
213 4053 358 4118 Pandion
382 4053 531 4118 comitem
553 4050 694 4116 lacrimis
717 4046 919 4114 commendet
942 4045 1079 4114 obortis:

301 4147 413 4224 ‘Hanc
436 4177 505 4241 ego,
528 4175 599 4222 cere
623 4174 729 4239 gener,
752 4153 902 4236 quoniam
923 4153 977 4236 pia
999 4168 1096 4216 causa
1119 4149 1222 4231 coegit

213 4269 246 4332 et
269 4267 396 4331 voluere
420 4265 542 4342 ambae,
564 4262 694 4328 voluisti
716 4263 754 4325 tu
778 4261 913 4342 qnoque,
936 4260 1047 4338 Teren,
