2858 4710
170 270 232 329 soe
741 257 822 329 lehis·

256 441 316 487 nec
338 423 447 486 tamon
471 422 521 485 est
542 419 695 504 potiunda
717 419 785 498 tibi,
807 437 875 497 nec,
898 420 936 482 111
959 419 1064 484 omnia
1086 418 1173 497 fiant,

259 546 328 594 esse
350 529 440 611 potes
463 526 547 605 felix,
569 529 607 591 ut
630 526 724 608 dique
747 525 955 607 hominesque
977 525 1129 590 laborent.

170 643 221 699 755
257 634 352 700 Nunc
375 653 499 716 quoque
522 635 669 699 votorum
690 634 780 698 nulla
803 634 948 716 estpars
971 650 1054 697 vana
1075 651 1228 711 meorum,

258 741 352 823 dique
375 741 454 805 mihi
476 740 595 819 faciles,
619 739 773 822 quidquid
795 739 933 818 valuere,
956 739 1128 815 dederunt;

260 847 406 930 quodque
430 865 496 930 ogo,
519 847 589 912 vult
611 847 743 929 genitor,
766 846 837 912 vult
858 846 928 930 ipsa
952 864 1102 928 socerque
1125 844 1264 911 futurus.

257 956 301 1020 At
323 972 386 1018 non
409 954 479 1019 urit
500 956 625 1032 natura,
647 953 807 1038 potentior
830 953 975 1017 omnibus
997 953 1078 1031 istis,

260 1079 341 1143 quae
364 1060 443 1125 mihi
466 1061 533 1125 sola
554 1062 656 1126 nocet.
700 1060 799 1125 Venit
822 1078 893 1125 ecce
917 1059 1054 1142 optabile
1077 1060 1214 1142 tempus,

171 1174 223 1230 760
258 1168 375 1249 luxque
398 1167 514 1250 iugalis
539 1167 638 1245 adest,
661 1168 694 1232 et
716 1167 781 1231 iam
804 1184 876 1231 mea
897 1165 953 1231 fiet
975 1165 1099 1244 Ianthe,
1123 1202 1165 1212 -
1201 1221 1204 1237 ,

258 1293 318 1340 nec
339 1274 419 1338 mihi
442 1274 621 1356 continget:
644 1273 757 1338 mediis
781 1273 926 1338 sitiemus
947 1273 982 1337 in
1004 1272 1107 1337 undis.

258 1381 407 1446 Pronuba
430 1382 507 1463 quid
528 1381 618 1460 Iuno,
642 1380 717 1463 quid
741 1380 890 1458 adhaec,
912 1378 1106 1463 Hymenaee,
1128 1379 1244 1444 venitis

260 1474 359 1566 sacra,
384 1488 497 1570 quibus
522 1488 577 1569 qui
600 1487 697 1552 ducat
720 1486 819 1564 abest,
841 1486 896 1551 ubi
918 1485 1067 1550 nubimus
1092 1473 1240 1550 ambae?'

347 1593 470 1658 Pressit
493 1593 604 1658 abhis
628 1611 745 1658 vocem.
789 1592 858 1657 Nec
879 1591 981 1656 lenius
1005 1592 1106 1657 altera
1128 1593 1216 1675 virgo

172 1708 224 1765 765
261 1702 396 1778 aestuat,
418 1701 518 1782 utque
543 1700 626 1765 celer
647 1700 765 1778 venias,
787 1699 981 1782 Hymenaee,
1003 1701 1160 1782 precatur.

261 1806 353 1887 Quod
375 1807 457 1890 petit
478 1807 566 1885 haec,
589 1806 761 1871 Telethusa
783 1806 900 1871 timens
922 1805 1017 1871 modo
1039 1807 1184 1890 tempora
1207 1804 1323 1884 differt,

259 1933 345 1979 nunc
366 1913 440 1979 ficto
463 1915 614 1997 languore
637 1932 760 1978 moram
783 1913 892 1991 trahit,
916 1913 1021 1977 omina
1044 1930 1137 1996 saepe

260 2022 392 2104 visaque
416 2023 576 2086 causatur.
623 2020 685 2086 Sed
707 2021 773 2086 iam
797 2022 1037 2105 consumpserat
1060 2039 1186 2086 omnem

260 2128 429 2193 materiam
451 2128 526 2207 ficti,
550 2128 712 2210 dilataque
734 2129 879 2211 tempora
901 2126 1013 2191 taedae

173 2244 225 2299 770
260 2235 455 2314 inst'terant,
478 2253 625 2317 unusque
649 2235 715 2299 dies
738 2235 890 2300 restabat.
933 2235 978 2299 At
1000 2233 1055 2297 illa

262 2342 413 2407 crinalem
437 2341 533 2425 capiti
555 2342 671 2406 vittam
692 2342 850 2422 nataeque
875 2339 997 2421 sibique

263 2448 403 2513 detrahit
426 2449 458 2512 et
480 2447 583 2530 passis
607 2465 695 2511 aram
719 2447 880 2529 complexa
903 2446 1024 2528 capillis

259 2543 327 2632 ‘Isi
349 2553 576 2618 Paraetonium
598 2553 834 2635 Mareoticaque
858 2571 934 2617 arva
956 2552 1145 2634 Pharonque

263 2679 344 2744 quae
368 2661 444 2725 coiis
468 2663 500 2726 ot
523 2663 645 2745 septem
669 2660 829 2744 digestum
851 2661 885 2724 iu
909 2678 1027 2726 cornua
1049 2660 1177 2725 Nilum:

175 2776 226 2832 775
262 2767 318 2846 fer,
340 2756 475 2851 precor‘,
497 2768 603 2850 inquit
623 2755 729 2852 ‘opem
751 2769 922 2849 nostroque
946 2767 1071 2832 medere
1094 2767 1211 2832 timori.

262 2875 315 2953 Τθ,
338 2874 405 2953 dea,
428 2877 460 2939 11
485 2875 645 2957 quondam
668 2877 787 2956 tuaque
809 2874 889 2940 haec
910 2874 1047 2957 insignia
1069 2874 1134 2939 vidi

263 2984 441 3064 cunctaque
464 2982 603 3064 cognovi,
627 2980 766 3046 sonitum
789 2981 1036 3063 comitantiaque
1060 2999 1135 3046 aera

264 3089 441 3167 sistrorum,
463 3089 658 3170 memorique
682 3089 786 3154 animo
810 3090 867 3153 tua
888 3089 976 3153 iussa
998 3087 1115 3152 notavi.
1178 3102 1181 3103 ’

264 3193 355 3274 Quod
377 3194 465 3260 ridet
487 3195 566 3259 haec
587 3194 701 3273 lucem,
726 3194 808 3276 quod
831 3214 894 3260 non
917 3213 974 3277 ego
996 3194 1119 3279 punior,
1142 3211 1214 3258 occe

175 3311 227 3368 780
264 3301 430 3368 consilium
452 3319 632 3383 munusque
656 3302 749 3365 tuum
773 3302 830 3366 est.
874 3301 1026 3366 Miserere
1050 3300 1186 3366 duarum

264 3409 441 3490 auxilioque
464 3395 556 3472 iuva'
603 3408 766 3473 Lacrimae
790 3410 866 3473 sunt
888 3410 984 3474 rerba
1007 3411 1143 3474 secutae.

351 3515 431 3580 Visa
454 3514 513 3580 dea
537 3516 587 3580 111
608 3516 744 3581 movisse
769 3534 853 3595 suae,
876 3518 909 3582 11
931 3517 1082 3594 moverat,
1106 3533 1186 3593 aras,

264 3625 297 3689 et
318 3622 430 3706 tempii
452 3625 611 3688 tremuere
634 3621 727 3702 foros,
749 3623 937 3706 imitataque
960 3624 1071 3688 lunam

264 3747 383 3795 cornua
404 3728 572 3809 fulserunt,
597 3731 781 3814 crepuitque
805 3730 943 3794 sonabile
968 3729 1027 3793 1111
1101 3775 1109 3791 .

175 3844 227 3902 785
352 3837 425 3901 Non
448 3855 561 3902 secura
584 3836 720 3919 quidem,
742 3835 848 3900 fausto
872 3837 981 3900 tamen
1005 3835 1107 3900 omine
1129 3833 1216 3898 laeta

264 3946 368 4010 mater
392 3945 458 4010 abit
480 3944 616 4028 templo:
641 3942 786 4025 sequitur
809 3959 914 4007 comes
936 3940 1025 4024 Iphis
1049 3942 1187 4019 euntem,

265 4070 361 4134 quam
385 4052 478 4116 solita
502 4052 559 4129 est,
581 4049 700 4114 maiore
724 4049 841 4133 gradu3
864 4067 923 4114 nec
946 4048 1062 4113 candor
1084 4049 1117 4111 in
1141 4065 1193 4113 ore

264 4159 438 4243 permanet,
462 4159 495 4222 et
517 4157 599 4222 vires
623 4158 790 4240 augentur,
814 4157 846 4221 et
870 4155 969 4221 acrior
991 4156 1058 4240 ipse
1083 4155 1132 4219 cst

264 4267 382 4344 vultus
406 4266 438 4330 et
459 4263 627 4348 incomptis
650 4264 775 4329 brevior
796 4281 948 4327 mensura
971 4262 1102 4345 capillis,
